2592 4400
406 365 529 407 11111
559 365 612 410 vr.
638 364 730 406 011.
763 364 834 410 vn.
1071 348 1127 419 127

92 536 165 579 non
178 518 260 579 uitri
271 518 513 597 interpellandum
533 524 622 595 ratos,
634 518 728 580 nobili
738 518 838 597 juveni
863 517 993 595 (Metron
1015 526 1079 579 crat
1099 520 1128 581 ei

91 618 223 693 nomen)
246 633 333 692 supra
344 614 596 674 armamentarium
617 615 722 693 posito,
745 614 821 693 quod
845 614 938 673 scelus
964 621 1125 693 pararetur,

91 710 227 770 indicat.
288 710 354 785 Ille,
370 708 508 770 Cebalino
521 710 553 767 in
565 710 784 768 armamentario
801 708 978 785 abscondito,
991 712 1127 787 protinds

94 804 185 883 Regi
200 824 304 882 corpus
316 805 391 864 forte
406 804 528 879 curanti,
542 805 612 884 quid
625 805 653 865 ei
666 804 756 863 index
776 803 934 880 detulisset,
949 806 1084 865 ostendit.

166 904 217 959 21.
239 901 315 975 Rex,
334 900 377 984 ,ad
400 900 701 977 comprehendendum
726 900 873 977 Dymnum
897 900 994 959 missis
1020 900 1124 961 satelli·

95 996 199 1068 tibus,
213 996 468 1054 armamentarium
489 996 587 1055 intrat.
641 996 691 1055 Ibi
713 994 869 1055 Cebalinus
892 995 999 1074 gaudio
1020 996 1123 1070 elatus,

95 1096 117 1125 “
130 1092 244 1151 Habeo
268 1092 325 1166 te,'’
349 1091 452 1169 inquit,
468 1094 485 1124 “
496 1091 670 1149 incolumem
686 1110 723 1149 ex
733 1090 887 1167 impiorum
901 1090 1034 1149 manibus
1049 1081 1124 1168 ereo¹

96 1188 200 1245 tum.''
242 1186 455 1245 Percunctatus
469 1186 575 1245 deinde
589 1186 760 1245 Alexander
783 1205 850 1265 quas
871 1185 1017 1244 noscenda
1030 1193 1125 1261 erant,

97 1282 213 1339 ordine
226 1288 330 1339 cuncta
342 1281 498 1360 cognoscit.
542 1281 718 1359 Rursdsquc
733 1280 843 1339 institit
863 1299 1003 1360 quaerere,
1017 1288 1125 1359 quotus

97 1377 172 1435 dies
197 1364 283 1449 esset,
298 1396 335 1435 ex
358 1396 416 1454 quo
431 1376 625 1434 Nicomachus
650 1375 686 1434 ad
712 1395 778 1434 eum
805 1375 960 1435 detulisset
974 1375 1123 1435 indicium.

100 1474 212 1551 Atque
235 1472 288 1531 illo
301 1473 411 1531 latente
430 1474 492 1549 jam
515 1472 637 1530 tertium
651 1490 723 1547 esse,
738 1470 908 1531 existimans
932 1472 1010 1531 haud
1034 1473 1125 1531 incor-

97 1572 196 1645 rupta
223 1568 280 1627 fide
312 1568 394 1626 tantd
420 1574 491 1644 post
518 1567 632 1626 deferre
659 1588 724 1646 ques
752 1566 893 1643 audierat,
922 1567 1025 1627 vinciri
1059 1586 1125 1626 eum

103 1662 212 1740 jussit.
271 1663 327 1721 1110
354 1662 503 1721 clamitare
530 1662 627 1740 coepit,
656 1662 784 1721 “eodem
811 1662 951 1739 temporis
978 1670 1125 1721 momento

97 1778 162 1837 quo
178 1758 318 1835 audisset,
331 1758 368 1816 ad
392 1756 540 1816 Philotam
553 1757 734 1816 decurrisse:
755 1756 791 1817 ab
806 1777 840 1815 eo
853 1756 1123 1835 percunctaretur.’¹

99 1852 176 1911 Rex
198 1854 271 1911 item
293 1871 434 1931 quaerens,
448 1852 465 1886 “
476 1872 514 1910 an
528 1852 677 1911 Philotam
693 1852 816 1923 adisset,
832 1853 897 1909 Han
910 1852 1068 1911 institisset
1088 1851 1125 1927 ei,

100 1956 138 2008 ut
152 1948 322 2026 perveniret
336 1947 373 2006 ad
387 1966 419 2006 se
429 1967 437 2023 ς
446 1948 464 1979 ’²
484 1954 689 2025 perseverante
704 1964 738 2005 eo
753 1946 894 2005 affirmare
916 1966 981 2025 quae
996 1946 1124 2021 dixerat,

100 2063 212 2102 manns
233 2042 271 2103 ad
295 2042 401 2101 coelum
424 2041 556 2115 tendens,
571 2041 756 2101 manantibus
781 2040 925 2119 lacrymis,
939 2041 1014 2100 hanc
1038 2040 1126 2103 sibia

102 2138 258 2198 carissimo
287 2138 433 2218 quondam
457 2137 615 2195 amicorum
638 2136 759 2195 relatam
787 2137 911 2214 gratiam
937 2136 1123 2216 querebatur.

103 2234 196 2294 Inter
220 2235 282 2294 haec
307 2234 447 2311 Dymnus,
472 2233 550 2291 haud
573 2234 702 2311 ignarus,
726 2251 813 2312 quam
834 2231 872 2292 ob
896 2252 1013 2292 causam
1032 2252 1125 2292 accer-

103 2337 224 2388 seretur
247 2348 265 2387 a
288 2328 382 2406 Rege,
408 2327 506 2406 gladio
533 2347 590 2404 quo
610 2327 688 2386 fcrtd
713 2334 776 2385 erat
799 2327 920 2401 cinctus,
945 2325 1074 2406 graviter
1094 2346 1125 2388 ss

103 2424 260 2482 vulnerat:
291 2441 469 2500 occursuque
493 2422 653 2481 satellitum
677 2421 828 2495 inhibitus,
856 2423 1004 2498 perfertur
1031 2421 1062 2480 in
1082 2440 1125 2480 re·

104 2519 193 2596 giam.
238 2517 332 2588 Quem
347 2518 463 2576 intuens
477 2517 563 2576 Rex:
594 2523 612 2551 “
625 2515 740 2591 Quod,²’
755 2517 859 2595 inquit,
875 2521 891 2552 “
904 2517 934 2576 in
950 2529 987 2594 te,
1001 2517 1125 2594 Dymne,

104 2622 224 2672 tantum
237 2614 364 2691 cogitavi
377 2613 469 2686 nefas,
482 2621 517 2670 ut
537 2612 592 2673 tibi
617 2612 914 2690 Macedonumregno
929 2611 1042 2691 dignior
1057 2611 1125 2671 Phi·
1156 2681 1160 2690 Ι

105 2708 184 2769 lotas
197 2729 246 2768 me
259 2727 373 2788 quoque
387 2708 450 2785 ipso
463 2707 639 2768 videretnrl>
652 2708 669 2738 '’
712 2707 804 2768 Illum
815 2709 876 2784 jam
898 2706 1044 2766 defecerat
1057 2725 1124 2766 vox.

107 2804 216 2884 Itaque
243 2805 322 2863 edito
349 2803 469 2882 gemitu,
496 2803 639 2881 vultuque
666 2823 684 2862 a
710 2809 866 2880 conspectu
893 2801 986 2880 Regis
1012 2789 1131 2875 averso,

106 2901 233 2961 subinde
248 2899 393 2976 collapsus
406 2899 597 2977 extinguitur.

167 3001 216 3054 22.
239 2995 315 3069 Rex,
346 2993 468 3053 Philota
491 2994 590 3053 venire
614 2993 645 3052 in
666 2992 776 3072 regiam
797 2993 890 3069 jusso,
911 2992 927 3026 “
941 2989 1125 3068 cebalinus,”

108 3089 216 3170 inquit,
243 3089 403 3149 “oltimum
429 3089 602 3165 supplicium
636 3088 768 3162 meritus,
798 3085 881 3154 siin
909 3095 997 3165 caput
1029 3105 1126 3146 meum

107 3192 289 3264 praeparatas
302 3184 424 3243 iusidias
448 3183 538 3243 biduo
552 3183 686 3257 texisset,
700 3183 787 3260 hujus
802 3181 932 3243 criminis
951 3201 1033 3242 reum
1058 3181 1126 3240 Phi·

110 3279 201 3340 lotam
228 3280 389 3351 substituit,
417 3279 456 3338 ad
481 3299 567 3357 quem
595 3278 727 3355 protinus
756 3276 896 3342 indicium
924 3276 1064 3338 detulisse
1095 3295 1126 3336 se

110 3376 241 3434 affirmat.
284 3374 381 3445 ¹⁸Quo
405 3376 538 3452 propiore
560 3374 655 3453 gradu
675 3372 811 3434 amicitiae
833 3393 880 3433 mc
904 3373 1057 3452 contingis,
1071 3372 1127 3430 hoo

111 3474 206 3548 maj'us
220 3477 267 3528 est
279 3469 520 3528 dissimulationis
533 3476 593 3528 tuae
612 3469 743 3534 facinus:
764 3476 796 3526 et
810 3489 864 3547 ego
880 3467 1020 3528 Cebalino
1033 3466 1126 3543 magis

111 3569 199 3642 quam
224 3566 353 3625 Philotae
376 3565 407 3624 id
432 3565 585 3624 convenire
608 3566 711 3626 fateor.
755 3565 914 3630 Faventem
938 3562 1028 3622 habes
1050 3560 1126 3639 judi·

113 3680 183 3737 cem,
208 3662 336 3742 siquod
360 3660 478 3720 admitti
503 3681 562 3720 nou
578 3661 724 3740 ,oportuit
747 3662 850 3722 saltem
877 3659 978 3736 negari
1004 3657 1126 3734 potest”

114 3755 239 3818 Adhsec
262 3756 405 3830 Philotas,
420 3755 498 3816 haud
522 3757 591 3814 sane
615 3755 757 3833 trepidus,
779 3754 806 3814 si
826 3753 939 3812 animus
952 3751 1126 3811 vultuoesti·

116 3861 249 3927 manetur,
278 3849 481 3912 “Cebalinum
507 3850 626 3930 quidem
652 3850 742 3910 scorti
775 3865 936 3909 sermonem
964 3846 1055 3908 adse
1079 3846 1126 3906 de-
