2592 4400
178 394 241 453 220
517 406 667 457 nourr
700 406 846 449 onaan

176 552 288 628 majora
311 554 381 608 sunt
392 562 470 609 vero
511 546 642 607 'Nostra
654 564 765 626 qnoque
786 545 888 626 gloria,
901 550 964 605 ebm
985 545 1025 607 sit
1037 565 1074 605 ex
1088 543 1203 621 solido,

176 645 242 723 plus
266 650 362 703 tumen
386 642 474 703 habet
495 642 620 702 nominis
642 642 731 721 quim
744 642 846 720 operis.
889 640 978 701 Modo
991 641 1057 721 quis
1079 641 1201 703 belluas

176 740 327 799 offerentes
349 737 485 798 munium
509 737 642 814 spwism,
656 736 721 816 quis
742 736 903 815 Hydaspen
925 755 1046 811 amnem,
1060 736 1127 815 quis
1140 756 1202 797 om·

175 842 239 892 tera
265 832 367 891 auditu
392 833 503 909 majora
527 833 615 909 quam
642 850 720 905 vere,
748 832 889 891 sustinere
915 850 998 908 posse
1031 831 1204 891 credebat?

176 927 257 989 Olim
283 928 400 987 berculd
426 927 600 1006 fugissemus
626 944 662 984 ex
685 924 770 996 Asia,
794 924 820 985 si
846 944 898 985 nes
919 924 1026 986 fabulas
1046 924 1204 985 debellare

174 1022 345 1100 potuissent
396 1020 561 1083 Creditisne
593 1018 810 1097 elephantorum
836 1038 938 1099 greges
971 1021 1094 1096 majores
1127 1039 1203 1079 esse

174 1120 261 1195 quim
284 1134 406 1195 nsquam
428 1123 622 1177 armentorum
644 1114 737 1174 sunt?
757 1116 825 1173 edm
845 1122 876 1173 et
897 1134 992 1173 rarum
1017 1114 1057 1173 sit
1073 1114 1202 1189 animal,

174 1230 228 1271 nso
254 1211 342 1271 facile
368 1209 506 1287 capiatur,
533 1208 682 1287 multoque
709 1208 855 1267 difficilius
882 1208 1041 1288 mitigetur.
1096 1208 1202 1288 Atqui

176 1308 195 1335 ¹⁹
203 1306 303 1365 eadem
312 1305 427 1367 vanitas
435 1306 532 1382 copias
544 1303 676 1382 peditum
688 1304 873 1383 equitumque
885 1304 1055 1365 numeravit.
1086 1307 1105 1334 ¹¹
1115 1304 1203 1365 Nam

174 1401 280 1459 flumen
300 1418 359 1479 qno
381 1399 472 1459 latius
494 1398 590 1457 fusum
613 1404 668 1473 est,
692 1398 745 1457 hoe
767 1398 908 1476 placidius
932 1404 1064 1477 stagnat3
1085 1399 1203 1477 quippe

176 1494 307 1572 angustis
320 1492 392 1570 ripis
407 1493 568 1569 ¹¹ooorcits,
582 1499 613 1551 et
634 1493 665 1553 in
688 1491 882 1573 angustiorem
904 1492 1018 1554 alveum
1039 1492 1120 1568 elisa,
1134 1501 1201 1554 tor·

174 1595 272 1647 rentes
294 1608 382 1666 aquas
405 1588 563 1649 invehunt:
583 1592 685 1649 contra
710 1587 830 1667 l'spatie
854 1586 929 1648 alvei
953 1587 1068 1667 segnior
1090 1606 1202 1649 aursus

175 1690 228 1745 est
269 1684 420 1743 Praetered
441 1685 473 1743 in
495 1684 562 1762 ript
582 1704 665 1745 omne
688 1683 848 1762 pericnlum
869 1691 923 1759 est,
944 1682 993 1744 ubi
1014 1683 1201 1760 applicantes

174 1778 292 1857 navigia
313 1778 406 1837 bostis
428 1786 584 1854 exspectat
637 1780 656 1809 ¹⁴
667 1779 717 1838 Ita
742 1786 999 1857 quantumcumque
1023 1778 1128 1837 flumen
1150 1781 1201 1839 in-

174 1872 309 1946 tervenit,
322 1872 400 1931 idem
411 1874 541 1933 futurum
554 1872 706 1931 discrimen
719 1879 765 1933 est
777 1871 959 1933 evadentium
971 1872 1002 1929 in
1018 1872 1152 1933 terram.”

236 1968 324 2028 “Sed
343 1968 439 2027 omnia
457 1967 516 2027 ista
534 1988 603 2027 vera
622 1986 684 2027 esse
697 1968 844 2045 tingamus.
886 1966 1029 2027 Utrumne
1049 1986 1101 2027 vos
1115 1987 1199 2049 mag-

175 2062 279 2123 nitudo
299 2063 468 2139 belluarum,
488 2082 526 2122 an
545 2062 702 2122 multitudo
723 2061 850 2123 hostium
870 2061 983 2123 terret?
1023 2059 1109 2132 Quod
1130 2083 1199 2141 per·

174 2158 252 2217 tinet
273 2157 312 2216 sd
338 2157 516 2237 elephantos,
542 2176 669 2237 praesens
691 2157 829 2220 habemus
855 2155 1036 2236 exemplum:
1065 2156 1096 2216 in
1125 2176 1200 2220 suos

175 2251 384 2326 vehementius,
403 2255 492 2330 quim
514 2253 546 2311 in
567 2272 621 2312 nos
644 2252 835 2312 incurrerunt.
879 2251 951 2312 Tam
971 2258 1053 2312 vasta
1072 2271 1200 2330 corpora

175 2344 325 2406 securibus
349 2345 528 2425 falcibusque
552 2346 689 2406 mutilata
713 2353 790 2406 sunt.
842 2342 922 2415 Quid
943 2351 1040 2404 antem
1061 2344 1198 2424 interest,
1281 2403 1282 2414 ,

174 2439 299 2500 totidem
321 2440 390 2514 sint,
402 2449 473 2518 quot
495 2441 589 2501 Porus
609 2441 721 2516 babuit,
736 2461 773 2500 an
793 2439 849 2501 tria
863 2440 965 2514 millia,
980 2441 1055 2516 culm,
1069 2459 1126 2500 uno
1141 2449 1199 2502 aut

176 2535 268 2594 altero
295 2536 315 2564 ¹⁸
324 2535 491 2611 vulneratis,
519 2544 640 2596 ceteros
667 2535 698 2595 in
724 2537 822 2615 fugam
848 2535 992 2594 declinare
1018 2535 1199 2598 videamus?

176 2629 288 2690 Deinde
314 2649 420 2707 pancos
441 2633 555 2710 quoqne
578 2631 758 2690 incommode
782 2637 903 2710 regunt:
923 2636 1095 2710 congregata
1121 2635 1197 2692 verd
1278 2691 1279 2696 ,

176 2732 222 2785 tot
248 2725 341 2785 millia
366 2725 430 2803 ipsa
456 2745 488 2785 se
510 2726 629 2801 elidunt,
648 2726 701 2787 ubi
720 2745 772 2784 nee
796 2733 880 2801 stare,
900 2743 953 2784 nec
973 2725 1072 2804 fugere
1092 2734 1197 2804 potue·

176 2821 236 2880 rint
258 2820 400 2881 inhabiles
419 2829 568 2882 vastorum
588 2841 739 2898 corporum
761 2821 858 2882 moles.
900 2820 1044 2899 Equidem
1068 2821 1110 2880 sie
1131 2823 1196 2882 ani-

175 2916 264 2974 malia
286 2916 346 2975 ista
367 2917 534 2994 contempsi,
548 2926 582 2974 ut
601 2921 666 2974 cum
686 2915 829 2991 haberem,
844 2917 905 2993 ipse
924 2935 980 2974 uon
1001 2917 1206 2994 opposuerims

176 3011 248 3068 satis
260 3030 367 3088 gnarus
379 3011 445 3088 plus
457 3012 520 3070 suis
531 3015 620 3090 qnam
633 3011 767 3072 hostibus
779 3011 900 3089 periculi
914 3010 1048 3071 inferre.”

238 3105 255 3132 ¹⁰
267 3109 284 3138 “
296 3105 340 3163 At
352 3106 428 3162 enim
451 3106 582 3183 equitum
605 3105 792 3185 peditumque
815 3105 974 3165 multitudo
993 3125 1045 3165 vos
1069 3124 1194 3166 comme·

176 3197 241 3258 vetl
284 3200 303 3226 ¹¹
314 3196 388 3258 cum
402 3199 500 3276 paucis
510 3201 586 3258 enim
606 3219 733 3278 pugnare
747 3200 826 3260 soliti
839 3200 918 3276 estis,
932 3207 962 3259 et
974 3218 1049 3258 nuno
1062 3201 1193 3278 primum

177 3292 352 3352 inconditam
373 3295 556 3354 sustinebitis
578 3296 703 3356 turbam
745 3295 842 3354 Testis
863 3294 1002 3356 adversus
1022 3295 1192 3356 multitudi-

175 3408 241 3447 nem
264 3377 365 3448 iniieti
387 3388 578 3448 Macedonum
599 3390 709 3450 roboris
731 3389 873 3450 Granicus
895 3389 1004 3466 amnis;
1031 3397 1065 3448 et
1086 3389 1193 3451 (lilicia
1229 3439 1232 3448 .

176 3483 317 3543 inundata
339 3503 441 3542 cruore
467 3484 641 3561 Persarum,
674 3491 704 3544 et
727 3484 846 3558 Arbela,
868 3486 949 3561 cujus
976 3485 1070 3564 campi
1096 3486 1191 3548 devio·

175 3586 270 3637 torum
296 3598 314 3636 a
338 3578 421 3637 nobis
447 3579 560 3639 ossibus
587 3579 673 3639 strati
701 3586 775 3640 sunt
830 3578 900 3640 Sero
912 3577 1041 3637 hostium
1061 3579 1191 3659 legiones

174 3692 323 3731 numerare
345 3673 481 3750 coepistis,
503 3676 655 3750 postquem
677 3674 694 3701 ¹¹
705 3673 889 3732 solitudinem
908 3674 939 3731 in
959 3673 1035 3732 Asia
1048 3675 1189 3735 vincendo

174 3767 292 3827 fecistis
336 3766 412 3828 (idm
434 3787 485 3844 per
507 3767 730 3845 Hellespontum
751 3768 959 3846 navigaremus,
983 3767 1019 3827 de
1043 3771 1189 3847 paucitate

173 3864 274 3918 nostra
293 3860 476 3939 cogitandum
495 3862 559 3922 fuit
602 3861 689 3922 Nune
708 3881 759 3922 nos
784 3863 901 3940 Scythis
924 3871 1096 3942 sequuntur,
1117 3864 1188 3926 Bao-
