2592 4400
55 398 62 409 ¹
182 382 243 443 ιω
277 365 283 378 ’
530 390 672 448 quinus
700 394 842 437 uunrrr

183 545 327 611 reseram,
342 536 490 597 incautum
502 541 534 596 et
547 536 732 595 ιοιιοηιίιιιιι
743 536 856 615 Regem
870 534 889 565 ¹¹
899 534 994 617 exeipi
1007 552 1104 613 posse,
1132 536 1154 567 ¹*
1164 534 1210 597 ut

183 634 260 693 forte
273 632 352 691 inter
365 632 597 711 promptissimos
610 632 762 705 dimioens,
778 633 906 691 intaetns
920 639 1061 691 evaserat

244 732 291 789 28.
323 727 476 805 Praecipue
501 728 688 801 Ptolemaeus,
713 728 786 787 laevo
810 727 929 787 humero
953 726 1210 805 leviterquidem

184 823 309 900 saueius,
325 823 377 883 aad
402 822 540 899 ¹'majore
563 823 693 899 perionlo
707 824 796 901 quim
818 821 937 881 vulnere
959 822 1092 896 effeetus,
1110 822 1210 898 Regis

185 917 410 977 sollieitudinem
430 916 462 977 in
483 936 515 977 ae
536 924 728 976 eonverterat.
770 916 917 996 Sanguine
937 919 1116 994 eonjuuetus
1132 925 1210 984 erat,

184 1013 356 1091 etquidem
382 1013 528 1091 Philippo·
543 1014 675 1092 genitum
699 1032 762 1072 esse
786 1013 959 1089 eredebant;
990 1014 1068 1073 eertd
1096 1012 1210 1090 pellioe

160 1110 249 1186 ,ejus
262 1117 358 1168 ortum
375 1109 536 1168 eonstebat.
578 1108 662 1167 Idem
683 1108 811 1186 eorporis
832 1115 939 1181 eustos,
953 1108 1209 1185 promptissimus·

183 1224 241 1284 que
254 1204 387 1278 bellator,
401 1210 432 1263 et
445 1204 525 1281 paois
545 1204 666 1277 artibus,
680 1205 769 1282 qndm
791 1203 906 1263 militiae
925 1206 1018 1281 maior
1031 1211 1062 1261 et
1082 1203 1207 1274 elatior,

187 1298 328 1358 “modion
350 1298 487 1377 civilique
506 1299 597 1371 oultu,
611 1297 741 1359 liberalis
766 1298 908 1376 imprimis
932 1298 1074 1379 adituque
1095 1298 1208 1366 faeilis.

183 1393 259 1453 nihil
272 1414 309 1453 ex
323 1395 402 1453 iaetu
422 1394 502 1472 regio
516 1402 720 1471 assumpserat
765 1393 813 1455 Ob
827 1393 889 1455 haee
904 1394 979 1472 Regi
995 1414 1032 1453 an
1053 1394 1208 1472 populeri-

184 1490 239 1550 bus
251 1488 345 1547 earior
357 1495 435 1547 esset
447 1488 576 1548 debituri
589 1496 722 1567 poteret:
744 1497 806 1547 tum
821 1488 899 1547 uerte
914 1489 1041 1567 primdm
1056 1497 1207 1567 expertus

183 1604 299 1645 snorum
314 1582 432 1657 animos,
446 1583 521 1643 adeo
544 1591 579 1643 ιιι
599 1584 757 1655 fortunam,
772 1585 802 1642 in
825 1604 912 1662 quam
933 1593 1034 1662 postea
1054 1584 1207 1658 aseendit,

182 1680 213 1739 in
236 1678 289 1739 illo
311 1678 440 1758 perienlo
465 1678 641 1737 Macedones
654 1680 774 1737 ominati
794 1698 858 1737 esse
872 1679 1036 1741 videantur.
1079 1678 1205 1757 Quippe

172 1784 240 1835 'nou
253 1775 347 1836 levior
359 1775 421 1835 illie
435 1774 589 1835 Ptolemaei
601 1774 661 1832 fuit
675 1793 753 1849 euru,
767 1777 855 1853 quiem
870 1774 964 1853 Regi3
985 1774 1037 1853 qui
1050 1782 1081 1835 et
1093 1775 1205 1853 praelio

183 1878 215 1930 et
227 1868 425 1930 sollieitudine
438 1868 580 1946 fatigatus
599 1888 666 1927 eum
688 1868 849 1929 Ptolemaeo
870 1868 1019 1945 assideret,
1034 1869 1157 1947 loetum,
1172 1869 1203 1929 in

183 1986 242 2047 quo
254 1967 317 2045 ipse
341 1965 544 2045 aequiesoeret‚
565 1965 656 2041 jussit
670 1964 779 2023 inferri.
822 1965 861 2024 In
882 1984 968 2043 quem
982 1972 1017 2024 ιιι
1030 1984 1062 2025 se
1076 1966 1202 2044 reoepit,

182 2062 318 2139 protinds
342 2060 458 2119 ”altior
482 2060 629 2118 iuaeeutns
653 2066 699 2117 est
723 2078 846 2118 somnus.
890 2059 939 2120 Ex
958 2080 1016 2139 qno
1039 2061 1200 2135 exeitatne,
1285 2116 1286 2121 ,

181 2176 234 2234 per
252 2156 381 2236 quietem
399 2153 508 2215 vidisse
531 2173 563 2213 ae
587 2154 707 2231 exponit
731 2154 855 2232 speeiem
879 2154 1013 2216 draoouis
1037 2156 1057 2185 '¹
1067 2155 1201 2216 oblatam

181 2252 300 2311 herbam
313 2252 435 2310 ferentis
449 2271 508 2324 ore,
522 2271 609 2328 quam
623 2250 727 2310 veneni
740 2250 900 2310 remedium
914 2269 976 2310 esee
990 2257 1198 2314 monstrasset
1284 2239 1285 2283 ¹

182 2345 316 2406 (dolorem
330 2347 445 2424 quoque
467 2345 566 2405 herbae
587 2346 742 2422 referebat,
763 2346 969 2426 ”agniturum
984 2347 1009 2406 si
1028 2351 1095 2426 quis
1116 2367 1199 2426 repe·

181 2441 279 2515 risset,
293 2440 452 2516 affirmare
474 2439 678 2518 inventamque
703 2440 817 2516 deinde,
830 2441 936 2520 quippe
950 2462 968 2499 a
981 2443 1083 2502 multis
1106 2442 1209 2506 simul·

181 2543 246 2596 erat
266 2535 415 2614 requisita,
437 2535 553 2594 vulneri
576 2536 733 2612 imposuit:
762 2537 956 2615 protinusque
980 2537 1079 2596 dolore
1101 2540 1196 2613 finite,
1281 2561 1282 2589 ι

180 2635 257 2692 intre
278 2631 365 2692 breve
386 2631 514 2708 spatium
528 2631 650 2690 eieatrix
664 2633 778 2710 qudque
801 2632 927 2692 obducta
950 2641 1002 2692 est.
1046 2634 1196 2696 Barbaros
1279 2703 1280 2714 χ

179 2736 214 2787 ιιι
226 2728 321 2806 prima
331 2745 396 2805 spes
409 2726 564 2799 fefellerat,
579 2726 689 2803 seipsos
703 2727 862 2806 urbemque
884 2727 1068 2790 dediderunt
1113 2731 1194 2790 Hine

179 2825 210 2884 in
233 2825 395 2902 proximam
416 2830 531 2903 gentem
555 2821 720 2882 Patalium
743 2825 916 2900 perventum
940 2832 993 2882 eat
1036 2825 1105 2885 Rex
1129 2832 1194 2886 erat

181 2920 292 2992 Moeris,
319 2920 372 2998 qui
404 2919 477 2979 urbe
504 2918 622 2977 deserta
650 2918 680 2976 in
707 2925 821 2976 montes
848 2920 1027 2998 profugeret.
1083 2921 1192 3002 Itaque

178 3014 348 3074 Alexander
360 3015 467 3092 oppido
486 3014 608 3091 potitur,
621 3032 764 3092 agrosque
779 3013 942 3091 populatur.
986 3015 1103 3094 Magnes
1124 3018 1194 3076 inde

176 3108 285 3186 praedae
299 3117 372 3168 aetre
386 3116 455 3168 suut
467 3127 603 3185 peoorum
623 3116 882 3188 armentorumque,
889 3129 1003 3195 ¹magne
1015 3111 1061 3170 vis
1075 3123 1192 3190 reperta

176 3204 325 3263 frumenti
367 3203 501 3263 Duoibus
521 3202 625 3262 deiude
638 3203 765 3280 sumptis
778 3205 871 3266 amnis
885 3206 998 3284 peritis,
1014 3207 1139 3268 deduxit
1153 3209 1190 3269 ad

176 3299 301 3360 insulam
314 3298 409 3358 medio
423 3299 514 3357 ferme
528 3299 611 3358 alveo
625 3299 645 3328 ¹⁸
654 3306 778 3358 enatam.

236 3395 293 3455 lx
316 3398 364 3454 29.
386 3393 435 3455 Ibi
449 3393 563 3454 diutids
575 3395 735 3454 subsistere
749 3402 876 3470 coaetus,
891 3396 978 3476 ¹quie
992 3397 1081 3458 duoes
1096 3419 1189 3460 sooor·
1219 3449 1222 3454 .

86 3562 92 3575 ⁹
175 3491 261 3550 dids'
278 3489 420 3550 asservati
445 3489 643 3568 profugerant,
670 3490 751 3548 misit
777 3491 828 3568 qui
855 3492 1059 3571 conquirerent
1094 3496 1187 3558 alios:

175 3589 245 3646 'nee
278 3587 413 3664 repertis,
440 3585 576 3662 pervieax
603 3585 709 3665 eupido
736 3585 856 3646 inoessit
883 3588 997 3648 visendi
1026 3588 1187 3668 Oceanum,

174 3682 357 3760 adeundique
377 3681 515 3740 terminos
534 3681 652 3756 muudi;
675 3688 710 3738 ut
723 3680 786 3740 sino
805 3679 933 3761 regionis
948 3684 1060 3760 peritis,
1075 3687 1188 3748 flumini

174 3778 272 3853 ignoto
294 3785 383 3853 eaput
409 3797 503 3850 suum,
525 3783 626 3855 totque
649 3775 873 3836 fortissimorum
897 3778 1025 3839 virorum
1050 3781 1186 3860 salutern,

174 3873 362 3949 permitteret
406 3871 592 3950 Navigabant
612 3871 690 3948 ergo,
704 3870 840 3946 omnium,
855 3892 907 3949 per
928 3893 995 3952 quse
1017 3876 1187 3942 ferebantur

1274 3127 1276 3199 ι

1272 3225 1275 3322 i
