2592 4400
389 344 513 387 ursas
533 346 587 387 vr.
615 346 701 387 oar.
731 346 783 387 ιι.
1044 330 1100 391 139

82 480 239 544 Philotam
252 482 380 561 torqueri
400 483 480 543 fama
492 483 668 564 vulgaverat,
681 484 776 564 legem
797 484 989 545 Macedonum
1002 484 1100 562 veriti,

82 578 175 655 ¹¹qud
198 582 314 635 cautum
337 584 409 653 erat,
432 585 466 637 ut
488 578 641 657 propinqui
664 598 771 653 eorum,
795 578 846 657 qui
869 578 946 657 Regi
969 577 1101 640 insidiati

80 678 179 746 erant,
193 674 261 729 culm
273 670 344 748 ipsis
356 679 543 749 necarentur;
565 672 616 731 alii
635 692 668 731 se
687 673 871 747 interficiunt,
885 672 936 731 ulii
957 673 988 731 in
1001 674 1100 734 devios

80 773 199 825 montes
219 772 373 843 vastosque
396 766 567 825 solitudines
587 766 713 845 fugiunt,
731 767 841 845 ingenti
859 787 911 845 per
931 773 992 825 tota
1005 774 1101 826 castra

80 866 196 917 terrore
210 858 334 918 diffusos
356 859 444 917 donec
457 859 531 933 Rex,
546 860 675 918 tumultu
688 860 810 938 cognito,
822 858 914 938 legem
924 878 955 918 ss
965 859 1099 937 supplicii

82 953 247 1030 conjunctis
259 952 386 1011 sontium
399 953 548 1013 remittere
561 953 661 1013 edixit
703 952 836 1013 Philotas
860 972 962 1013 verone
976 973 1099 1013 anmen·
1191 982 1203 997 ·

83 1048 169 1106 dacio
183 1046 305 1107 liberere
327 1067 358 1107 se
380 1068 398 1105 a
417 1048 549 1107 cruciatu
569 1047 703 1122 voluerit,
723 1066 827 1124 auceps
849 1050 1013 1125 conjectura
1036 1054 1099 1107 est:

82 1143 221 1221 quoniam
241 1148 271 1201 et
289 1160 358 1201 uera
379 1143 525 1217 confessis,
550 1149 580 1201 et
592 1142 668 1201 falso
694 1142 867 1215 dicentibus,
890 1141 967 1200 idem
993 1140 1100 1200 doloris

81 1238 148 1297 finis
163 1237 334 1297 ostenditur.
377 1238 397 1265 ¹⁴
408 1236 565 1312 caurum,
586 1237 732 1310 “Putea’‘
758 1236 859 1315 inquit,
875 1240 983 1295 “meus
1006 1235 1100 1314 Hege-
1199 1299 1204 1309 ,

82 1333 168 1392 locho
189 1335 278 1411 qudm
300 1331 484 1392 familiariter
507 1351 578 1391 usus
599 1332 648 1408 sit,
666 1352 724 1391 non
745 1332 892 1411 ignoratis
934 1330 1023 1391 Illum
1036 1330 1099 1391 dieo

84 1432 295 1511 Hegelochum,
308 1431 357 1510 qui
371 1431 401 1489 in
414 1431 475 1491 acie
489 1430 601 1490 cecidit.
643 1430 702 1489 Ille
715 1430 843 1489 omnium
862 1430 1003 1489 malorum
1015 1427 1099 1489 nobis

83 1548 173 1586 causa
184 1527 252 1586 fuit
292 1526 370 1585 Nam
389 1529 455 1585 oum
475 1523 614 1603 primrlm¹
625 1525 711 1586 Joris
723 1525 814 1585 filium
827 1545 858 1584 se
879 1524 999 1593 salutari
1009 1523 1100 1601 jussit

85 1623 162 1697 Rex,
177 1622 210 1681 id
223 1621 343 1700 indigne
356 1622 453 1681 ferens
464 1621 524 1695 ille,
546 1620 655 1679 ‘Hunc
667 1620 760 1699 igitur
773 1621 886 1699 Regem
901 1618 1099 1699 agnoscimus,'

85 1718 188 1796 inquit,
203 1717 273 1795 ‘qui
285 1716 455 1793 Philippum
467 1716 639 1795 dedignatur
659 1714 792 1793 patrem?
844 1716 863 1743 ¹⁵
872 1715 980 1773 Actum
1000 1719 1044 1772 est
1064 1712 1099 1773 de

84 1812 178 1887 nobis,
193 1812 220 1871 si
233 1813 291 1871 ista
304 1811 414 1889 perpeti
427 1830 585 1889 possumus
607 1810 676 1869 Non
689 1810 815 1869 homines
829 1809 933 1885 solum,
948 1807 998 1867 sed
1012 1808 1100 1867 etiam

86 1906 163 1967 Deos
185 1906 319 1984 despicit,
339 1907 389 1985 qui
409 1906 538 1984 postulet
558 1905 638 1965 Deus
659 1904 746 1964 credi.
789 1904 952 1963 Amisimus
973 1903 1099 1963 Alexan·

85 2002 178 2079 drum,
193 2002 343 2061 amisimus
356 2002 485 2081 Regem:
507 2000 660 2059 incidimus
673 2000 705 2057 iu
715 1999 885 2076 superbiam,
896 2018 947 2057 nec
961 1998 1025 2059 Diis
1038 1997 1099 2077 qui·

86 2096 138 2157 bus
151 2103 334 2176 seexsequat,
348 2115 401 2155 nec
423 2095 586 2156 hominibus
608 2095 713 2173 quibus
735 2113 765 2153 se
787 2094 889 2153 eximit
910 2093 1098 2155 tolerabilem.

88 2191 235 2253 Nostrone
254 2191 391 2272 sanguine
410 2191 505 2251 Deum
516 2191 646 2266 fecimus,
659 2190 708 2270 qui
722 2210 774 2250 nos
795 2189 953 2250 fastidiat?
973 2189 1024 2270 qui
1036 2210 1099 2270 gra·

88 2295 169 2348 vetur
189 2288 358 2347 mortalium
380 2287 460 2346 adire
473 2286 650 2345 concilium?
692 2285 810 2346 Credite
829 2285 909 2361 mihi,
937 2294 966 2346 et
988 2303 1049 2360 nos,
1074 2284 1099 2345 si

84 2372 141 2442 ‘viri
154 2402 265 2458 summ,
279 2402 297 2441 a
309 2382 376 2440 Diis
389 2381 596 2459 adoptabimur.
637 2379 712 2453 Quis
725 2399 861 2457 proavum
874 2381 960 2458 hujus
974 2379 1099 2440 Alexan·

88 2476 178 2555 drum,
200 2479 267 2556 quis
287 2477 391 2536 deinde
414 2476 599 2551 Archelaum,
619 2475 686 2554 quis
707 2475 875 2534 Perdiccam
898 2475 1009 2536 occisos
1019 2475 1100 2536 ultus

88 2573 154 2632 est?
194 2574 256 2633 Hic
269 2572 384 2652 quidem
397 2571 628 2631 interfectoribus
640 2569 732 2649 patris
751 2570 880 2649 ignovit’
921 2569 995 2629 Haec
1005 2569 1099 2648 Hege-

88 2667 185 2728 lochus
206 2668 283 2727 dixit
305 2687 392 2745 super
404 2685 529 2743 coensm3
551 2673 582 2724 et
602 2672 718 2743 postero
730 2664 778 2724 die
797 2665 891 2741 primu
904 2663 968 2724 luce
979 2682 998 2721 a
1017 2670 1099 2740 patre

88 2781 223 2823 accersor.
265 2763 370 2823 Pristis
391 2768 462 2836 erat,
481 2767 512 2820 et
531 2780 578 2820 me
597 2767 733 2819 moestum
754 2759 888 2820 videbat:
920 2757 1099 2818 audieramus

88 2859 162 2916 enim
173 2879 241 2938 quae
253 2857 477 2918 sollicitudinem
491 2857 509 2885 ¹⁸
518 2857 690 2914 incuterent.
731 2855 835 2932 Itaque
848 2860 882 2912 ut
896 2853 1098 2930 experiremur,

88 2958 221 3012 utrumne
248 2953 316 3013 rino
341 2959 477 3032 maratus
502 2950 650 3008 effudisset
682 2948 743 3022 illa,
770 2967 808 3006 ou
831 2946 934 3008 altiore
963 2953 1100 3024 concepta

89 3048 215 3124 consilio,
230 3047 337 3106 accersi
350 3066 417 3106 eum
430 3045 547 3123 placuit.
588 3044 699 3104 Venit:
720 3042 875 3120 eodemque
885 3059 1013 3102 sermone
1021 3041 1099 3102 ultro

89 3145 217 3219 repetito,
240 3142 357 3219 adjecit,
381 3161 421 3217 se,
443 3141 504 3200 sire
525 3139 694 3198 auderemus
715 3137 800 3198 duces
821 3156 893 3212 esse,
915 3137 1099 3214 proximasa

23 3226 24 3231 ’
90 3236 168 3296 nobis
188 3244 289 3316 partes
311 3235 568 3296 ¹⁷vindicaturum:
588 3234 649 3321 siue
671 3232 783 3292 deesset
805 3231 1099 3306 animusveonsilium

91 3329 202 3392 silentio
216 3349 279 3390 esse
291 3338 442 3390 lecturum
484 3327 679 3402 Parmenioni,
692 3327 758 3388 vivo
772 3325 866 3386 adhue
885 3325 984 3401 Dario,
998 3326 1099 3385 intem·

92 3426 198 3498 pesclu
210 3445 258 3486 res
270 3425 443 3502 videbatur;
465 3425 550 3484 ¹'non
563 3423 640 3482 enim
661 3422 725 3498 sibi,
740 3421 791 3480 sed
812 3421 888 3482 hosti
909 3438 972 3480 esse
993 3419 1099 3478 occisu-

92 3535 136 3576 ros
155 3519 372 3580 Alexandrum:
392 3519 483 3578 Dario
505 3519 573 3577 verb
594 3517 718 3592 sublato,
733 3517 882 3593 praemium
903 3513 993 3592 Regis
1014 3513 1099 3572 occisi

94 3611 199 3691 Asiam,
213 3624 244 3676 et
256 3623 351 3674 totum
365 3614 515 3675 Orientem
526 3611 757 3672 interfectoribus
770 3629 833 3670 esse
844 3627 996 3668 cessurum
1038 3607 1098 3684 Ap·

93 3709 263 3791 probatoque
275 3710 406 3786 oonsilio,
418 3709 451 3767 in
469 3707 532 3768 hmo
551 3707 621 3766 fides
642 3707 713 3766 data
734 3711 827 3766 estet
848 3708 972 3779 acceptu.
1014 3697 1099 3774 Quod
