2592 4400
395 392 519 434 urnas
544 392 596 434 rx.
625 390 711 434 cn.
739 392 813 434 vri.
1062 374 1121 435 ‘235
1156 432 1157 437 ,

102 532 221 593 Eadem
239 531 332 611 igitur
353 532 385 590 in
404 531 534 592 convivio
561 530 706 591 Horratss
727 530 848 591 Macedo
866 532 928 609 jam
946 531 1122 591 temulentus

101 628 281 705 exprobrare
302 627 329 685 ei
351 626 447 704 coepit,
462 634 493 685 et
505 626 660 703 postulare,
674 633 708 684 ut
729 626 755 685 si
776 626 821 685 vir
842 634 926 701 esset,
940 633 1055 703 postero
1075 625 1122 685 dic

102 739 206 781 secum
225 724 301 780 ferro
328 721 509 781 decerneret:
539 722 652 799 Regem
678 720 794 779 tandem
813 721 859 780 vel
879 721 915 779 de
935 724 990 780 sue‘.
1009 720 1122 779 temeri-

101 824 176 892 tate,
190 818 237 876 vel
250 817 287 874 de
307 817 386 874 illius
408 816 527 894 ignavie
545 816 750 893 judicaturum.
793 816 835 874 Et
848 836 866 874 a
880 814 1035 893 Dioxippo,
1058 834 1122 875 oon·

103 916 242 988 temptIm
255 910 411 969 militarem
425 910 560 969 eludente
572 911 716 985 ferociam,
731 916 847 987 accepta
860 910 985 970 conditio
1000 917 1053 970 est.

167 1012 215 1067 st.
237 1009 283 1066 Ac
306 1015 421 1085 postero
435 1008 482 1066 die
503 1007 579 1082 Rex,
598 1009 665 1066 calm
689 1007 777 1065 etiam
797 1006 893 1066 acrius
912 1014 1056 1065 certamen
1076 1026 1122 1067 cx·

102 1109 258 1181 poscerent
271 1103 338 1181 quia
351 1102 495 1160 deterrere
513 1120 571 1159 non
590 1109 712 1178 poterat,
728 1100 874 1159 destinata
888 1101 1006 1179 exsequi
1020 1120 1123 1178 passus

104 1206 159 1257 est
195 1197 304 1277 lugens
317 1197 364 1254 btc
375 1196 512 1271 militum,
525 1196 686 1275 intorques
700 1204 781 1254 arant
795 1195 900 1271 Graeci,
913 1196 964 1275 qui
978 1195 1122 1273 Dioxippe

105 1293 276 1367 studebant,
288 1298 461 1350 convenerat
468 1290 632 1351 multitudo.
675 1290 796 1350 Macedo
810 1293 828 1321 ¹⁰
836 1293 917 1369 justa
930 1310 1009 1351 arms
1029 1311 1122 1369 sump

104 1398 205 1449 serat:
240 1406 348 1446 oereum
375 1386 517 1463 clypeum,
545 1385 696 1461 starum,
723 1406 808 1464 quam
840 1388 983 1445 corissum
1010 1392 1121 1461 vocent,

104 1484 182 1544 laeve
206 1490 319 1556 tenens,
338 1481 443 1540 dextre
463 1482 608 1540 lanceam:
636 1481 791 1561 gladioque
813 1482 933 1557 cinctus,
956 1482 1039 1543 velut
1057 1501 1122 1542 cnm

104 1579 239 1658 pluribus
262 1577 349 1637 simul
371 1577 566 1647 dimicaturus
608 1576 771 1653 Dioxippus
794 1577 856 1637 oleo
876 1578 980 1653 nitens,
995 1584 1024 1637 et
1045 1598 1122 1639 coro·

103 1684 201 1749 uatus,
215 1674 292 1733 lest
315 1674 333 1701 ¹²
342 1672 495 1751 puniceum
518 1667 681 1747 amiculum,
695 1672 799 1731 dextra
821 1674 949 1733 validum
971 1674 1122 1733 nodosum·

104 1790 160 1850 que
175 1769 307 1847 stipitem
318 1768 495 1845 praeierebat.
537 1767 584 1827 iila
603 1767 666 1845 ipsa
685 1786 732 1826 res
745 1768 873 1826 omnium
887 1768 996 1829 animos
1009 1788 1122 1846 exspeo
1192 1832 1199 1855 ι

105 1866 218 1924 tatione
239 1863 444 1941 suspenderat:
465 1863 571 1942 quippe
592 1869 704 1921 minato
718 1864 855 1940 congredi
879 1864 995 1939 nudum,
1010 1864 1122 1923 demen-

105 1960 157 2035 tu,
183 1980 241 2018 non
264 1959 413 2017 emeritas
434 1958 597 2034 visebatur.
645 1958 744 2037 Igitur
767 1958 894 2034 Moeso,
919 1957 996 2017 naus
1017 1959 1123 2020 subtus
1181 1944 1189 1959 '

105 2056 220 2115 eminus
247 2054 369 2113 interfici
396 2054 414 2082 ¹⁸
423 2072 530 2133 posse,-
540 2054 670 2112 lanceam
696 2053 810 2113 emisit:
844 2062 930 2133 quarn
959 2054 1122 2133 Dioxippus

105 2154 175 2211 cdm
195 2150 301 2230 exigue
319 2149 446 2227 corporis
466 2148 656 2208 declinatione
677 2150 806 2226 vittsset,
821 2152 976 2229 antequem
989 2149 1039 2210 ille
1058 2150 1122 2210 hes-

106 2255 169 2306 tam
192 2246 363 2305 transferret
384 2245 415 2302 in
438 2245 579 2318 dextram,
599 2243 715 2303 assiluit
735 2251 766 2303 et
786 2245 885 2323 stipite
912 2245 1036 2305 mediam
1060 2265 1123 2306 earn

104 2342 204 2421 fregit
247 2340 365 2398 Amisso
386 2346 507 2417 utroque
527 2338 595 2413 telo,
611 2338 733 2397 Macedo
754 2338 1018 2418 gladiumcoeperat
1038 2342 1122 2400 strin-

106 2457 196 2516 gere:
218 2436 238 2464 ¹⁴
247 2455 333 2515 quem
345 2441 515 2511 occupatum
527 2433 685 2510 complexu,
699 2435 820 2512 pedibus
834 2437 951 2512 repente
966 2435 1122 2513 subductis,

106 2531 271 2608 Dioxippus
283 2530 421 2589 arietavit
439 2530 471 2587 in
483 2537 608 2588 terram:
628 2536 781 2608 ereptoque
801 2530 908 2609 gladio,
921 2531 1023 2608 pedem
1037 2551 1122 2610 super

105 2629 248 2688 cervicem
269 2626 395 2704 jacentis
418 2625 565 2703 imposuit,
589 2625 718 2703 stipitem
738 2626 893 2702 intentans,
917 2626 1122 2706 ¹⁶elisurusque

106 2743 141 2782 eo
164 2723 282 2792 victum,
305 2727 337 2778 nt
360 2719 524 2798 prohibitus
547 2727 625 2778 esset
652 2738 669 2777 a
692 2720 782 2799 Rege.
833 2719 939 2780 Tristis
965 2722 1123 2798 spectaculi

105 2826 229 2878 eventus
251 2835 309 2875 nou
329 2815 535 2874 Macedonibus
557 2815 651 2890 modo,
680 2816 731 2873 sed
757 2815 843 2872 etiam
867 2813 1033 2874 Alexandro
1054 2815 1121 2892 fuit,

105 2914 232 2972 maxime
254 2912 323 2991 quia
343 2904 468 2971 Barbari
490 2911 648 2970 affuerant:
669 2889 773 2989 qirippe
795 2910 968 2971 celebratam
991 2911 1122 2972 Macedo·

105 3029 176 3068 num
189 3006 387 3068 fortitudinem
402 3005 439 3063 ad
459 3005 617 3065 ludibrium
629 3005 763 3065 recidisse
784 3006 943 3067 verebatur.
985 3007 1065 3066 Hinc
1085 3007 1122 3066 ad

107 3102 338 3166 criminationem
364 3100 528 3161 invidorum
552 3100 698 3177 adapertae
725 3108 793 3160 sunt
820 3121 904 3160 aures
932 3102 1030 3184 Regis
1081 3103 1123 3162 Dt

107 3207 173 3278 post
186 3216 293 3276 pancos
306 3196 369 3260 dies
382 3191 459 3255 iuter
472 3195 571 3274 epulas
592 3215 713 3254 aureum
735 3197 869 3274 poculum
885 3199 904 3228 ¹⁶
914 3218 951 3258 ex
964 3199 1122 3278 composito

108 3293 298 3355 subducitur:
318 3283 597 3370 ministrique'quasi
606 3291 776 3368 amisissent,
790 3293 866 3372 quod
877 3303 1050 3370 amoverant,
1065 3296 1122 3354 Rc-

107 3411 172 3471 gem
184 3390 302 3448 adeunt.
346 3387 431 3465 Saepe
453 3386 549 3445 minus
569 3393 615 3444 est
633 3388 804 3448 constantiae
824 3389 855 3446 in
876 3391 894 3419 ¹⁷
902 3390 1014 3465 rubore,
1034 3391 1122 3467 quem

108 3488 139 3545 in
161 3487 256 3563 culpi.
299 3483 468 3560 (lonjectnm
488 3481 646 3557 oculorum,
660 3483 766 3561 quibus
788 3492 822 3542 ut
844 3486 891 3544 fur
914 3483 1121 3558 destinabatur,

109 3581 271 3658 Dioxippus
296 3579 373 3636 ferre
400 3595 457 3634 nou
484 3576 588 3653 potuit
631 3575 674 3634 Et
701 3586 763 3635 oum
789 3579 957 3637 excessisset
981 3578 1121 3654 convivio,

108 3677 215 3736 litteris
237 3674 414 3750 conscriptis,
428 3690 494 3751 ques
514 3671 591 3750 Regi
608 3671 805 3748 redderentur,
819 3675 897 3732 ferro
911 3692 942 3730 se
964 3671 1119 3733 interemit.

13 3844 15 3849 ,
108 3770 243 3832 Graviter
256 3775 379 3828 mortem
391 3769 455 3842 ejus
468 3764 540 3823 tulit
553 3764 630 3840 Rex,
643 3766 812 3826 existimans
831 3765 1037 3847 indignationis
1050 3785 1120 3844 esse,
