2592 4400
368 435 490 475 menn
517 435 569 475 vr.
597 436 682 477 ese.
711 436 772 474 111.
1024 418 1078 474 115

55 576 182 634 thienen
195 574 335 634 habemus
355 575 386 632 in
407 580 557 652 potestate.
593 572 707 631 'Plures
729 572 899 633 Provincias
913 572 1079 650 complexus

54 693 134 745 sum,
152 672 241 749 quam
255 670 306 727 alii
319 670 407 729 urbes
420 676 575 746 ceperunt3
598 676 627 727 et
645 670 741 727 nescio
755 690 792 727 an
814 670 992 727 enumeranti
1005 669 1077 727 mihi

54 766 217 844 ’quaedam
239 765 367 842 ipsarum
388 747 486 822 rerum
508 762 668 821 multitudo
692 762 869 821 subduxerit.
914 763 1027 842 Itaque,
1053 764 1078 821 si

55 861 213 919 crederem
228 859 299 916 satis
319 866 427 916 certam
441 876 504 916 esse
518 858 727 935 possessionem
741 865 894 931 terrarum,
909 878 980 937 quas
994 862 1079 916 tentat

54 956 218 1015 velocitate
240 949 413 1027 domuimus,
436 973 488 1032 ego
503 955 579 1027 vemt,
594 952 712 1026 milites,
734 953 772 1010 sd
793 960 912 1029 penates
933 972 1021 1029 meos,
1042 954 1119 1040 ads,
1138 962 1149 991 1²
1164 963 1175 1003 l
1194 948 1209 957 ’

55 1058 223 1129 parentem,
238 1068 417 1127 sororesque,
432 1057 462 1107 et
482 1056 603 1107 caeteros
624 1048 711 1122 cives,
726 1048 774 1107 vel
788 1047 981 1108 retinentibus
996 1049 1080 1109 vobis

56 1164 254 1222 erumperem,
282 1144 337 1201 'ut
362 1143 405 1202 ibi
428 1143 615 1220 potissimdm
647 1146 732 1219 pertis
759 1143 908 1202 vobiscum
935 1142 1021 1201 laude
1049 1150 1079 1201 et

53 1240 157 1317 gloria
180 1240 303 1313 fruerer,
318 1238 368 1297 ubi
390 1257 443 1296 nos
463 1238 609 1296 uberrima
622 1238 754 1297 victoriae
776 1226 898 1316 praemia
910 1244 1077 1315 expectant,

16 1389 21 1397 .
54 1336 230 1408 liberorum,
245 1337 407 1412 conjugum,
422 1342 630 1411 parentumque
653 1332 766 1409 laetitia,
787 1354 853 1411 pax,
868 1334 961 1412 quies,
983 1353 1078 1393 rerum
1133 1406 1138 1413 ἢ

53 1451 108 1509 per
121 1430 267 1490 virtutem
280 1436 427 1507 partarum
442 1447 543 1486 secura
556 1428 707 1505 possessio.
1086 1422 1108 1473 s
1120 1415 1132 1460 *⁴⁷
1153 1413 1166 1449 ³⁵

117 1525 212 1585 “Sed
235 1526 266 1581 in
287 1544 371 1598 novo,
387 1532 417 1582 et
431 1523 469 1598 (si
479 1543 581 1582 verum
602 1524 690 1582 fateri
704 1522 850 1603 volumus)
873 1525 1003 1601 precario
1027 1525 1077 1583 im·

53 1621 148 1698 perio,
164 1620 278 1677 ‘adhuc
289 1621 392 1697 jugum
406 1621 470 1695 ejus
483 1618 581 1697 rigida
594 1620 706 1677 cervice
721 1607 912 1678 subeuntibus
927 1618 1075 1695 Barbarie,

55 1726 202 1794 tempore,
228 1715 346 1789 milites,
360 1733 432 1791 opus
454 1722 507 1788 est,
522 1714 591 1771 dum
612 1714 780 1775 mitioribus
802 1714 926 1792 ingeniis
949 1715 1075 1774 imbuan-

54 1818 114 1884 tur,
137 1809 403 1869 efferatosmollior
417 1808 594 1866 consuetudo
608 1810 792 1886 permulceat.
836 1808 948 1887 Fruges
962 1828 1076 1887 quoque

54 1907 260 1964 maturitatem
284 1912 395 1963 statuto
417 1912 546 1982 tempore
570 1910 747 1981 exspectant.
799 1904 884 1963 Adeo
909 1905 996 1962 etiam
1025 1905 1075 1963 illa
1108 1912 1113 1924 '

56 2006 165 2060 sensus
191 2000 283 2059 omnis
305 2001 445 2078 expertia,
470 2008 566 2058 tamen
594 2004 649 2058 snei
676 1999 739 2078 lege
765 2000 929 2057 mitescunt.
973 1998 1077 2069 Quid?

55 2097 181 2155 creditis
200 2102 246 2153 tot
267 2104 369 2173 gentes
391 2095 511 2154 alterins
532 2095 654 2172 imperio
669 2114 702 2153 ac
722 2095 837 2153 nomine
859 2102 997 2167 assuetas,
1019 2114 1077 2154 non

23 2233 29 2245 ‚
56 2193 158 2268 sacris,
182 2212 240 2250 non
261 2191 399 2266 moribus,
414 2212 471 2250 non
494 2192 663 2252 commercio
686 2190 793 2270 linguae
814 2191 962 2251 nobiscum
987 2192 1077 2253 cohae-
1147 2256 1150 2261 ,

56 2297 167 2362 rentes,
185 2287 287 2346 eodeni
307 2287 407 2364 praelio
422 2287 547 2346 domitas
569 2307 632 2346 esse
655 2307 712 2365 quo
727 2287 812 2346 victae
826 2287 917 2345 sunt?
958 2287 1076 2348 Vestris

56 2383 145 2441 armis
172 2383 365 2458 continentur,
386 2401 444 2440 non
467 2382 528 2440 suis
548 2382 695 2458 moribus;
719 2383 820 2462 etqui
841 2369 999 2460 praesentes
1019 2403 1075 2442 me·
1100 2391 1103 2398 ’

57 2486 155 2553 tuunt,
171 2478 204 2535 in
227 2477 359 2537 absentis
383 2479 479 2536 hostes
503 2485 597 2536 erunt.
641 2477 716 2538 (lum
740 2479 810 2536 feris
834 2478 938 2539 bestiis
960 2497 1007 2537 res
1021 2485 1073 2554 est,

56 2592 129 2650 quas
152 2577 256 2649 captas
280 2579 310 2628 et
333 2571 469 2646 inclusas,
493 2572 562 2651 qnia
586 2572 714 2649 ipsarum
740 2581 845 2631 nature
869 2593 926 2631 non
949 2573 1073 2651 ‘potest

56 2667 171 2747 longior
188 2665 250 2724 dies
263 2667 385 2745 mitigat
428 2666 471 2724 Et
493 2665 587 2726 adhuc
607 2667 647 2726 sic
669 2687 732 2745 ago,
748 2669 887 2745 tanquam
902 2667 996 2725 omnia
1010 2668 1073 2726 sub·

56 2772 119 2821 scta
142 2762 206 2821 sint
228 2761 325 2835 armis,
339 2781 405 2840 quae
426 2762 547 2820 fuerunt
567 2763 598 2818 in
619 2761 730 2821 ditione
759 2762 850 2858 Darii.
895 2761 1074 2838 Hyrcaniam

58 2857 247 2918 Nabarzanes
261 2856 419 2934 occupavit.
462 2856 572 2915 Bactra
591 2877 648 2916 non
670 2857 766 2915 solum
787 2855 917 2934 possidet
931 2857 1075 2933 parricida
1144 2847 1177 2892 ’Ψ

58 2952 179 3028 Bessus,
206 2953 258 3011 sed
280 2953 367 3010 etiam
382 2951 535 3012 ‘minatur
587 2953 734 3031 Sogdiani,
762 2952 862 3027 Dahae,
892 2953 1073 3030 Massagetae,

58 3049 148 3125 Sacae,
164 3049 246 3126 Indi,
259 3049 323 3108 'sui
340 3049 415 3126 juris
435 3056 510 3107 sunt.
555 3048 664 3110 Omnes
685 3049 724 3123 hi,
746 3048 852 3108 'simul
873 3055 955 3128 terga
974 3057 1075 3109 nostra

57 3146 199 3220 viderint,
215 3153 380 3223 sequentur.
443 3145 496 3203 Illi
519 3146 596 3203 enim
619 3145 751 3222 ejusdem
773 3144 900 3203 nationis
922 3153 1000 3220 sunt,
1021 3165 1073 3205 nos

57 3240 231 3320 alienigenae
254 3247 283 3298 et
305 3241 424 3300 externi.
468 3241 536 3300 Suis
558 3249 655 3299 autem
674 3243 782 3320 quique
795 3248 898 3318 parent
919 3241 1073 3318 placidirls,
1156 3296 1158 3300 .

57 3337 144 3394 etism
159 3340 226 3394 cium
241 3335 267 3393 is
279 3343 386 3412 praeest
408 3337 459 3414 qui
471 3337 564 3416 magis
588 3337 686 3394 timeri
705 3344 810 3414 potest.
873 3335 1000 3396 Proinde
1014 3345 1074 3395 'aur
1085 3331 1106 3380 5'

57 3450 121 3507 quae
134 3430 265 3507 cepimus
279 3430 440 3488 omittenda
453 3439 530 3506 sunt,
541 3441 592 3489 aut
605 3452 670 3510 quae
681 3451 737 3490 non
748 3432 887 3491 habemus
898 3431 1070 3508 occupanda.

59 3523 141 3583 Sient
164 3525 197 3583 in
217 3525 386 3602 corporibus
400 3527 495 3604 aegris,
511 3527 627 3601 milites,
641 3527 717 3584 nihil
739 3527 817 3606 quod
839 3527 1004 3585 nociturum
1025 3533 1073 3584 est

58 3621 161 3678 medici
175 3621 347 3698 relinquunt
358 3640 365 3680 :
381 3621 422 3678 sic
433 3640 493 3695 nos,
503 3621 646 3700 quidquid
656 3623 752 3683 obstat
763 3622 891 3698 imperio,
900 3621 1070 3680 recidamus.

58 3712 155 3774 Parva
169 3735 249 3792 saepe
263 3714 392 3773 scintilla
406 3723 572 3794 contempta
585 3737 720 3796 magnum
741 3717 879 3775 excitavit
899 3715 1070 3774 incendium.

59 3807 113 3867 Nil
134 3813 201 3869 tuto
224 3811 255 3868 in
277 3811 361 3869 hoste
383 3811 560 3889 despicitur:
589 3832 676 3892 quem
699 3812 851 3890 spreveris,
879 3810 1071 3870 valentiorem
1081 3819 1153 3869 :taut

58 3904 238 3984 negligentia
252 3904 351 3963 facies.
416 3906 462 3964 Ne
478 3904 586 3964 Darius
600 3905 717 3984 quidem
738 3901 955 3964 haereditarium
970 3903 1071 3963 Persu-
