2592 4400
408 428 533 469 urana
558 430 594 470 x.
624 427 713 470 car.
745 428 799 471 rx.
1053 414 1111 474 soe

92 566 253 629 eiliandam
273 566 398 647 gratiam
419 586 485 627 cnm
505 566 656 645 Perdicca,
676 574 729 628 ant
748 568 839 631 armis
866 567 1032 629 certandum
1050 586 1113 629 esse

9 671 10 720 l
93 663 259 724 censebant

9 745 10 750 ἵ
155 762 205 817 22.
227 757 319 816 norae
332 758 375 816 ita
386 755 540 831 acciderat,
550 756 645 835 utqui
659 756 692 817 in
704 756 782 836 agris
796 763 888 831 erant,
901 758 1114 837 populationem

9 917 10 937 χ
93 853 233 917 villarum
247 852 430 936 vicorumque
449 851 545 926 veriti,
565 854 753 931 confugerent
776 853 807 911 in
828 852 946 930 urbem3
969 830 1113 931 oppidani,

93 954 162 1011 cum
183 948 263 1026 ipsos
283 948 423 1008 alimenta
445 946 604 1022 deficerent,
626 948 698 1009 urbe
724 948 912 1023 excederent3
942 955 972 1006 et
998 949 1113 1027 utrique

9 1051 10 1062 ¹
48 1073 52 1079 ·
93 1044 195 1122 generi
209 1044 299 1102 tutior
313 1043 407 1103 aliena
420 1042 513 1116 sedes,
526 1044 617 1120 qnam
632 1062 695 1118 sua,
708 1043 865 1103 videretur.
907 1041 1036 1114 Quorum
1049 1063 1113 1103 con·

9 1150 11 1214 {
93 1139 302 1202 exemenonem
314 1137 487 1198 Macedones
500 1137 597 1212 veriti,
611 1139 643 1197 in
656 1137 766 1217 regiam
777 1144 893 1213 coeunt,
907 1156 1025 1217 quaeque
1039 1138 1114 1216 ipso·

95 1254 162 1301 rum
183 1233 329 1299 sententia
351 1238 436 1307 esset,
460 1239 614 1310 exponunt
666 1233 806 1293 Placebat
829 1240 926 1293 autem
945 1233 1056 1312 legatos
1076 1234 1114 1293 ad

95 1328 210 1407 equites
224 1327 313 1403 mitti,
327 1327 363 1386 dc
375 1327 500 1387 finienda
513 1327 668 1404 discordia,
677 1329 821 1407 armisque
833 1328 980 1406 ponendis.
1015 1330 1114 1409 Igitur

95 1442 117 1486 a
129 1424 213 1503 Rege
225 1424 339 1503 legatur
352 1423 445 1481 Pasas
459 1422 623 1497 Thessalus,
643 1430 674 1481 et
687 1423 821 1482 Amissae
843 1424 1114 1503 Megalopolitanus,

93 1518 281 1585 etsPerilaus.
324 1517 383 1588 Qui
403 1519 472 1575 edm
491 1517 624 1592 mandata
644 1518 736 1597 Regis
757 1514 934 1595 ¹edidissent3
957 1540 1012 1579 non
1028 1520 1114 1580 aliter

95 1615 246 1694 posituros
259 1631 340 1702 apma
352 1612 472 1691 equites,
485 1614 573 1690 quam
587 1612 613 1671 si
633 1613 699 1672 Rex
713 1613 864 1673 discordiae
877 1622 1007 1675 auctores
1020 1616 1113 1675 dedis·

95 1709 270 1784 secanae
292 1724 466 1785 responsum.
509 1707 568 1765 His
590 1707 773 1783 renunciatis,
799 1714 853 1767 sust
877 1716 977 1786 sponte
1003 1711 1113 1771 milites

95 1791 336 1881 arma,capinnt'
374 1802 503 1874 Quorum
527 1802 654 1861 tumultu
674 1822 690 1861 e
709 1803 790 1881 regist
814 1803 969 1882 Philippus
992 1806 1112 1881 excitus,

95 1904 113 1970 ‘z‘
126 1900 242 1974 Nihil,”
256 1898 360 1977 inquit,
376 1902 393 1931 “
404 1897 546 1956 seditione
556 1904 602 1957 est
616 1917 705 1976 opus:
727 1918 793 1963 nam
807 1898 882 1957 inter
896 1918 926 1959 se
940 1901 1112 1959 certantium

12 1978 16 1988 ’
93 1982 224 2073 praemia,
243 1994 296 2073 qui
317 1993 489 2072 quieverint,
509 1993 696 2070 occupabunt.
740 1992 832 2055 Simul
854 2001 1028 2053 mementote
1052 2016 1113 2055 rem

94 2105 239 2161 eese‘cum
252 2088 373 2163 civibus,
387 2086 513 2165 ⁷quibus
526 2106 607 2163 spem
625 2088 728 2165 gratiae
741 2088 799 2146 citd
813 2089 988 2165 abrumpere,
1003 2089 1040 2147 ad
1053 2090 1112 2150 bel·

92 2186 155 2256 lam
179 2184 266 2244 civile
287 2182 501 2262 properantium
524 2188 576 2242 est
619 2183 724 2242 Altera
746 2183 899 2262 legatione,
923 2205 961 2243 an
984 2185 1113 2265 mitigari
1218 2226 1223 2237 .

93 2281 219 2360 possint,
233 2279 431 2356 experiamur:
452 2285 482 2336 et
495 2278 592 2353 credo,
606 2279 732 2338 nondum
754 2279 845 2358 Regis
858 2299 975 2358 corpore
989 2282 1110 2360 sepulto,

93 2378 133 2436 ad
155 2375 320 2454 praestanda
340 2374 368 2432 ei
386 2376 467 2451 justa
493 2391 590 2434 omnes
617 2393 679 2433 esee
706 2382 839 2458 coituros
892 2375 977 2446 Quod
1001 2377 1038 2436 ad
1065 2397 1111 2438 me

92 2472 208 2545 attinet,
220 2471 342 2528 reddere
354 2469 409 2528 hoc
422 2469 574 2545 imperium
586 2468 673 2546 malo,
687 2473 775 2548 qudm
785 2489 915 2532 exercere
928 2471 1035 2532 civium
1049 2493 1112 2534 san-

92 2566 188 2645 guine.
230 2565 272 2624 Idt
293 2565 319 2622 si
340 2563 419 2622 nulla
442 2563 500 2621 alia
520 2563 680 2624 concordiae
703 2583 768 2642 spes
795 2573 848 2641 est,
872 2585 922 2626 oro
943 2575 1110 2646 quaesoque,

94 2660 195 2740 eligite
209 2659 378 2736 potiorem'’
430 2658 551 2719 Obortis
566 2658 669 2716 deindd
684 2659 827 2738 lacrymis,
842 2660 973 2720 diadema
986 2661 1113 2720 detrahit

93 2755 192 2832 capiti,
217 2754 357 2828 dextram,
379 2758 438 2832 qud
459 2753 491 2810 id
515 2754 642 2827 tenebat,
663 2755 845 2830 protendens,
874 2763 916 2830 ut,
938 2756 1052 2834 siquis
1081 2775 1112 2814 se
1194 2829 1200 2840 ,

93 2850 258 2929 digniorem
285 2849 477 2926 profiteretur,
505 2849 657 2925 acciperet.
713 2849 863 2927 Ingentem
891 2869 969 2927 spem
995 2850 1110 2926 indolis,

9 2994 10 2997 ι
93 2953 246 3018 antaeum
267 2944 344 3002 diem
364 2943 466 3004 fratris
478 2944 611 3002 claritate
631 2963 823 3021 suppressam,
844 2963 879 3002 ea
898 2944 1045 3004 moderata
1065 2965 1112 3006 ex·

9 3094 10 3109 ,
93 3039 316 3113 citavitoratio.
356 3039 461 3118 Itaque
475 3039 699 3110 cunctiinstare
712 3047 868 3116 coeperunt,
881 3046 993 3119 atquae
1006 3041 1112 3120 agitas·

93 3143 150 3211 set,
163 3134 281 3214 exsequi
293 3128 389 3195 vellet.
431 3134 559 3194 Eosdem
572 3152 671 3196 rursus
687 3134 773 3214 legat,
787 3135 938 3212 petituros,
952 3144 986 3196 ut
1006 3137 1113 3198 Melea·

92 3251 181 3312 grum
201 3229 322 3297 tertium
335 3230 436 3289 ducem
456 3230 627 3308 acciperent.
671 3229 760 3288 Haud
779 3231 856 3310 aegre
877 3231 910 3290 id
930 3232 1113 3312 impetratum

93 3334 148 3386 est.
191 3324 269 3383 Nam
284 3332 316 3381 et
329 3324 469 3383 abducere
483 3324 666 3402 Meleagrum,
676 3324 830 3384 Perdiccae
843 3345 860 3384 a
874 3326 955 3406 Rege
968 3329 1112 3406 cupiebat,

94 3427 125 3478 ct
138 3439 228 3477 unum
243 3417 354 3476 duobus
367 3417 526 3495 ‘imparem
538 3418 668 3475 futurum
679 3437 742 3477 esse
757 3421 898 3480 censebat
939 3419 1036 3498 Igitur
1051 3420 1113 3479 Ms-

92 3515 193 3594 leagro
206 3531 272 3571 cnm
293 3511 441 3591 phalange
454 3512 568 3572 obviam
590 3530 712 3590 egresso,
733 3513 886 3572 Perdiccas
906 3515 1033 3592 equitum
1053 3521 1113 3572 tur·
1149 3531 1155 3540 ·

8 3663 11 3686 ,
92 3628 157 3686 mae
169 3606 344 3666 antecedens
358 3606 493 3665 occurrit.
534 3606 697 3685 Utrumque
711 3627 810 3688 agmen
824 3612 927 3666 mutua
941 3607 1113 3666 salutatione

93 3705 174 3763 aare
188 3710 258 3778 coit,
270 3702 302 3761 in
323 3709 496 3781 perpetuum
510 3701 557 3778 (nt
577 3700 803 3782 arbitrabantur)
824 3701 974 3762 concordia
994 3709 1024 3760 et
1044 3721 1113 3780 pace

93 3800 219 3954 fimf}
238 3895 285 3951 23.
309 3891 368 3952 Sed
389 3893 451 3968 jam
472 3891 542 3950 fatis
566 3875 792 3950 admovebantur
815 3857 1006 3952 Macedonum
1030 3893 1113 3971 genti
