2592 4400
219 373 259 432 68
570 365 719 466 ρυιιιτῤ
736 339 877 432 doarrr

678 485 686 516 t

144 545 150 556 ’
220 547 310 588 cornu
335 527 514 588 ¹'demittere
538 527 556 558 ¹⁸
566 527 704 606 agitabat,
727 527 815 590 modd
836 531 919 588 recta
940 528 1038 589 stante
1061 547 1242 590 consumere

220 623 314 682 boati:
335 623 482 683 interdrlm
502 623 637 684 haesitare
660 625 725 683 ¹⁷an
744 624 845 702 potids
866 624 897 682 in
915 625 1021 684 laevum
1043 625 1243 704 detorqueret

221 737 331 796 agmen.
375 719 505 778 Tandem
526 727 682 798 gravatum
705 720 794 778 animi
817 720 966 780 anxietate
985 739 1093 800 corpus
1118 721 1244 780 ''altior

221 833 338 873 somnus
351 814 503 892 oppressit.

90 921 140 988 [2
146 915 172 993 s
178 920 195 963 0
280 913 326 968 51.
370 909 496 988 Jamque
520 910 584 968 luce
605 913 681 983 ortt,
695 907 783 968 duces
797 908 834 966 ad
848 909 1014 986 accipienda
1034 911 1161 988 imperia
1175 930 1244 969 oon·

220 1012 368 1078 venerant,
382 1004 500 1064 insolito
514 1004 591 1062 circa
611 1003 782 1082 pretorium
804 1003 921 1062 silentio
945 1005 1072 1064 attoniti.
1115 1005 1242 1083 Quippe

220 1099 294 1158 alitis
308 1119 454 1160 accersere
469 1101 557 1178 ipsos,
572 1107 603 1158 et
616 1099 765 1157 interdum
784 1107 932 1158 morantes
945 1101 1087 1178 castigare
1100 1121 1242 1162 assuere

219 1203 274 1272 rat.
318 1195 399 1254 Tunc
413 1215 449 1254 ne
459 1196 561 1254 ultimo
575 1194 694 1274 quidem
707 1213 805 1252 rerum
818 1194 984 1254 discrimine
994 1197 1159 1255 excitatum
1174 1217 1243 1256 esse

220 1289 407 1364 mirabantur,
417 1297 447 1348 et
458 1310 514 1349 non
528 1309 628 1348 somno
641 1289 799 1367 quiescere,
811 1290 863 1348 sed
876 1310 981 1368 pavore
994 1310 1122 1350 marcere
1135 1292 1243 1350 crede

106 1390 125 1456 l
139 1381 298 1470 zjlbant.
342 1385 370 1444 N
373 1406 410 1446 on
423 1393 520 1444 tamen
532 1387 687 1464 quisquam
699 1405 716 1444 e
729 1385 898 1445 custodibus
918 1388 1046 1464 corporis
1068 1387 1184 1446 intrare
1200 1396 1242 1446 ta·

220 1480 407 1540 bernaculum
417 1480 551 1555 audebat,
563 1487 593 1538 et
604 1482 666 1557 jam
677 1486 791 1557 tempus
801 1480 944 1555 instabat3
959 1501 1012 1540 nec
1022 1482 1107 1541 miles
1117 1483 1241 1559 injussu

221 1575 312 1650 ducis,
327 1583 377 1634 aut
390 1596 470 1634 arma
484 1595 585 1653 capere
605 1583 731 1652 poterat,
746 1583 797 1633 aut
810 1576 841 1634 in
854 1577 970 1636 ordines
991 1577 1041 1636 ire.
1083 1577 1147 1636 Did
1164 1580 1241 1638 Par·

145 1669 148 1676 '
221 1670 315 1754 monio
329 1679 489 1743 cunctatus,
501 1670 597 1728 cibum
610 1677 644 1727 ut
659 1677 805 1746 caperent,
821 1671 913 1748 1'ipse
927 1672 1107 1748 pronunciat.
1150 1673 1180 1732 J
1180 1694 1241 1732 am-

219 1785 276 1845 que
289 1766 370 1824 exirs
383 1785 498 1826 necesse
512 1772 590 1824 erat:
612 1773 682 1824 tunc
695 1765 811 1824 damiam
829 1766 922 1825 int’rat
941 1767 1172 1844 tabernaculum,
1187 1789 1240 1828 sae
1279 1788 1280 1793 ¹

117 1851 345 1940 s2601pinsqus
359 1861 473 1920 nomine
494 1859 708 1937 compellatum,
723 1863 788 1918 ciam
803 1879 873 1920 roca
886 1881 946 1919 non
965 1870 1071 1939 posset,
1087 1859 1174 1922 tactu
1190 1885 1237 1923 ex·

219 1955 330 2016 citavit.
373 1959 389 1988 “
401 1955 498 2014 Multa
508 1955 586 2028 lux,”
598 1955 703 2034 inquit,
715 1958 732 1988 ‘⁴
742 1962 795 2014 est.
838 1955 1017 2016 Instructam
1030 1958 1122 2017 aciem
1136 1959 1239 2018 bostis
1279 1948 1280 1951 ¹

219 2049 365 2110 admovit:
388 2057 456 2108 tuus
469 2049 552 2106 miles
563 2049 658 2108 adhuc
670 2050 789 2108 inermis
804 2059 954 2128 exspectat
967 2051 1128 2130 imperium.
1173 2054 1239 2114 Ubi

219 2145 361 2230 estnvigor
375 2144 426 2203 illo
450 2144 538 2203 animi
552 2143 619 2203 tui?
639 2143 743 2222 nempe
767 2146 895 2205 excitare
907 2145 1012 2224 vigiles
1035 2147 1140 2207 soles.”
1183 2150 1237 2209 Ad
1279 2140 1280 2157 l

219 2240 281 2299 baec
293 2240 476 2299 Alexander:
499 2242 515 2272 “
527 2237 668 2300 Credisne
678 2260 724 2298 me
734 2242 817 2318 pride
830 2250 963 2301 somnum
975 2262 1077 2319 capere
1091 2245 1236 2321 potuisse,

119 2330 136 2389 l
152 2329 197 2384 21
199 2326 309 2414 squam
322 2354 507 2393 exonerarem
521 2334 648 2393 animum
662 2334 867 2410 sollicitudine,
881 2357 947 2415 quac
960 2338 1087 2415 quietem
1100 2342 1235 2401 moraba·
1279 2299 1280 2364 l

114 2430 118 2437 ’
219 2438 270 2489 tur
280 2430 293 2489 i
303 2431 319 2461 ’'
341 2430 511 2509 signumque
524 2450 628 2507 pugnae
642 2430 716 2490 ruba
729 2430 793 2489 dari
804 2431 901 2508 jussit.
945 2432 987 2491 Et
1001 2434 1114 2491 crimin
1127 2436 1235 2495 eadem

220 2524 410 2585 admiratione
431 2524 587 2583 Parmenio
602 2533 819 2601 perseveraret:
842 2526 1018 2604 “Minima’'
1033 2529 1138 2607 inquit,
1154 2532 1233 2589 “mi·
1279 2509 1280 2552 ᾖ

214 2641 284 2684 ‚rum
298 2628 352 2679 est.
394 2619 641 2697 Egoenim,c1lm
657 2620 766 2679 Darius
779 2628 873 2680 terras
886 2630 994 2698 ureret,
1004 2626 1084 2684 vicos
1098 2628 1232 2687 excinde·

136 2764 138 2773 ,
215 2718 274 2791 bet,
286 2716 422 2776 alimenta
435 2722 639 2792 corrumperet,
655 2716 784 2793 ²”potens
794 2718 851 2776 mei
865 2736 922 2775 non
932 2738 1018 2778 eram.
1061 2720 1091 2779 N
1092 2742 1152 2781 uno
1162 2724 1232 2783 verb

114 2816 132 2869 l
142 2809 290 2892 mquid
313 2818 450 2883 metuam,
474 2811 541 2869 crim
565 2809 626 2869 acie
650 2812 803 2871 decernere
830 2812 934 2889 paret?
975 2813 1105 2888 Hercule
1129 2826 1232 2879 votum

219 2928 316 2967 meum
329 2907 475 2985 implevit;
498 2906 549 2965 sed
563 2906 651 2982 bajus
663 2926 779 2985 quoque
795 2908 910 2967 consilii
923 2910 999 2968 ratio
1012 2911 1116 2987 posted
1130 2914 1230 2972 redde·

220 3011 276 3063 tur.
320 3003 383 3063 Vos
397 3002 438 3061 ite
452 3002 489 3059 ad
503 3001 609 3079 copias,
624 3002 730 3080 quibus
743 3002 866 3082 quisque
879 3012 1002 3081 praeest:
1023 3026 1076 3083 ego
1088 3009 1152 3083 jam
1166 3009 1230 3069 ade·

220 3116 262 3171 rc,
274 3104 304 3155 et
314 3097 384 3175 quid
394 3097 457 3155 fieri
466 3096 563 3169 velim,
575 3098 744 3174 exponam.”
784 3098 891 3158 ²¹Rarb
901 3100 1067 3176 admodum,
1079 3103 1230 3163 admonitu
1279 3165 1280 3168 ,

220 3192 312 3271 magis
326 3190 480 3249 amicorum
493 3192 582 3269 quam
595 3198 675 3250 metu
689 3192 864 3251 discriminis
877 3195 956 3273 quod
976 3196 1142 3257 adeundum
1156 3208 1229 3271 erat,

115 3293 131 3357 l
143 3289 265 3377 tqluti
292 3286 402 3347 solebat
428 3286 604 3345 munimento
631 3288 778 3365 corporis:
800 3297 863 3349 tum
890 3311 1004 3370 quoque
1026 3302 1143 3370 sumpto
1168 3316 1228 3372 pro

221 3384 309 3443 cessit
322 3383 359 3442 ad
373 3381 488 3441 milites.
532 3381 623 3441 Haud
643 3383 718 3441 alias
732 3391 792 3442 tam
811 3385 935 3444 alacrem
948 3388 1082 3446 viderant
1097 3389 1228 3469 Regem,
1279 3433 1280 3438 κ

221 3487 251 3539 et
264 3480 349 3539 vultu
370 3480 433 3555 ejus
454 3476 596 3549 interrito,
618 3485 729 3537 certam
749 3498 829 3557 spem
849 3481 980 3541 victoriae
1003 3484 1228 3559 augurabantur.
1279 3529 1280 3556 ,

221 3575 321 3653 Atque
335 3574 385 3631 illa
399 3579 517 3651 proruto
530 3572 608 3631 vallo
622 3573 702 3631 exire
712 3575 809 3651 copias
820 3577 915 3653 jubet,
929 3578 1077 3655 aciemque
1091 3579 1228 3657 disponit.

279 3673 326 3729 52.
348 3666 384 3727 In
399 3666 501 3726 dextro
515 3686 603 3726 cornu
626 3666 713 3727 locati
732 3678 798 3728 sunt
821 3672 940 3749 equites,
953 3692 1024 3751 quos
1045 3676 1165 3749 Αςεπια
1185 3699 1230 3757 ap·
1279 3667 1280 3742 l

96 3748 201 3819 stc)
220 3762 337 3841 pellant.
392 3760 522 3821 arserat
548 3760 594 3821 ms
621 3760 727 3838 cnam,
753 3764 802 3823 sur
830 3766 929 3842 Junci
955 3768 1084 3828 amsa
1111 3778 1230 3849 rums,
1279 3757 1280 3776 ¹

59 3854 62 3859 ’
107 3890 123 3909 0
221 3864 395 3938 caeterosque
417 3856 576 3917 Praefectos
600 3857 731 3937 equitnm
749 3859 832 3919 lateri
845 3862 909 3937 ejus
928 3862 1077 3940 applicuit
1121 3866 1231 3928 Ultima

1276 4027 1281 4094 l

1278 4139 1281 4176 l
