2592 4400
187 394 242 451 1⁷4
527 404 673 454 cursor
696 404 839 447 onsrrr

184 552 261 607 cont
316 546 385 606 Rex
397 564 456 605 non
469 542 709 625 cupidinemagis
732 546 866 623 potiundi
889 545 955 622 loci,
969 546 1058 627 qntm
1074 542 1196 604 uvieern
1274 530 1275 553 ¹

183 660 292 715 corum,
305 660 378 721 quos
392 641 430 700 ad
443 648 504 700 tam
517 642 701 700 manifestum
724 640 885 719 periculum
899 642 1027 716 miserat,
1042 638 1197 712 sollicitus,

183 744 247 797 toto
270 737 319 797 die
341 736 492 795 acumina
513 738 622 795 montis
648 737 765 796 intuens
792 736 909 797 restitit.
961 735 1060 796 Noctu
1084 736 1199 795 demum

184 834 252 891 edm
265 832 428 891 obscuritas
440 838 624 911 conspectum
637 830 786 890 oculorum
800 830 964 907 ademisset,
979 830 1016 890 sd
1038 830 1201 890 curandum
1274 852 1275 899 l

184 946 291 1005 corpus
303 926 431 986 recessit

244 1025 291 1081 42.
314 1022 439 1083 Postero
462 1020 510 1080 die
532 1018 662 1079 noudum
687 1020 759 1079 satis
786 1018 866 1079 olant
887 1019 960 1096 luco,
985 1022 1101 1099 primns
1128 1018 1202 1089 vela,

186 1116 301 1197 signnm
325 1116 404 1194 capti
427 1114 555 1190 verticis,
570 1115 731 1193 conspexit.
775 1114 833 1175 Sed
857 1135 894 1174 ne
917 1116 1069 1175 falleretur
1087 1114 1202 1184 ¹’acies
1274 1162 1275 1197 ,

186 1212 322 1272 dubitare
344 1210 466 1289 cogebat
488 1210 615 1270 varietas
636 1198 723 1284 ooeli,
735 1228 811 1268 nunc
835 1210 1022 1270 internitente
1049 1210 1130 1268 lucis
1151 1206 1203 1265 inl-

186 1326 265 1386 gorc,
279 1324 355 1364 nuno
369 1305 494 1365 condito.
537 1305 652 1364 Verum
675 1310 710 1363 ut
732 1304 870 1384 liquidior
888 1306 941 1365 lnx
962 1306 1100 1385 apparuit
1121 1302 1203 1375 eoelo,

188 1400 333 1460 dubitatio
360 1406 495 1477 exempta
526 1405 578 1458 est.
635 1396 839 1478 Vocatumque
874 1398 1002 1479 (lophan,
1036 1420 1090 1477 per
1119 1416 1206 1477 quem
1274 1412 1275 1415 ’

189 1494 389 1555 Barbarorum
407 1495 518 1553 animos
539 1499 712 1571 tentaverat,
734 1494 829 1553 mittlt
850 1494 887 1553 ad
912 1514 969 1569 eos,
991 1494 1041 1573 qui
1061 1498 1205 1567 moneret,

187 1608 264 1649 nanc
278 1588 383 1647 saltem
404 1588 549 1648 salubrius
574 1588 726 1647 eonsilium
749 1588 864 1647 inirent.
909 1588 960 1649 Sin
983 1598 1079 1647 eutem
1095 1587 1206 1647 fidnoit
1274 1632 1275 1667 4

188 1683 246 1743 loci
267 1688 493 1761 pertentarent,
516 1682 632 1742 ostendi
654 1702 671 1741 a
696 1689 777 1761 tergo
799 1684 898 1760 jussit,
914 1684 965 1763 qui
985 1690 1126 1762 ceperant
1146 1700 1204 1743 ver·
1274 1670 1275 1673 ¹

187 1780 283 1841 tieem.
334 1778 450 1857 Cophes
473 1778 617 1837 admissus
645 1778 767 1837 suadere
794 1779 883 1856 coepit
910 1780 1049 1853 Arimazi,
1078 1778 1205 1839 Petram

188 1874 313 1949 tradere,
336 1874 460 1953 gratiam
484 1872 576 1951 Regis
597 1872 714 1949 inituro,
738 1872 763 1931 si
790 1879 887 1949 tantas
914 1892 961 1933 res
984 1872 1157 1933 molientem
1177 1872 1205 1931 in

188 1971 275 2030 nnius
298 1969 380 2047 rupis
403 1967 553 2028 obsidione
575 1968 687 2027 haerere
710 1986 767 2025 non
789 1969 942 2046 coegisset.
985 1970 1051 2043 Ille,
1075 1970 1205 2029 ferocitas

111 2052 118 2065 ’
189 2065 402 2143 superbiusque
415 2064 502 2143 qndm
516 2069 601 2121 antea
614 2063 737 2137 loeutus,
754 2062 774 2093 ¹⁸
785 2062 865 2123 abire
881 2062 1000 2141 Cophen
1021 2065 1117 2143 jubet.
1163 2065 1206 2122 At

189 2160 402 2240 isprchensum
416 2178 503 2218 manu
529 2157 693 2218 Barbarum
716 2166 807 2236 rogat,
822 2165 857 2218 ut
877 2178 974 2219 seeum
989 2167 1072 2220 extre
1086 2178 1205 2239 specum
1273 2146 1274 2173 ³

189 2257 330 2336 prodeat:
350 2273 408 2332 quo
421 2253 584 2332 impetrato,
596 2243 717 2330 invenes
732 2253 761 2312 in
772 2255 919 2313 cacumine
933 2256 1070 2330 ostendit,
1083 2259 1204 2335 ejusque

190 2349 334 2428 superbias
355 2348 434 2406 haud
457 2349 602 2408 immerito
624 2347 759 2423 illudens,
781 2349 884 2426 pinnas
906 2351 948 2408 ait
971 2350 1075 2410 hebere
1096 2353 1204 2411 milites

191 2443 367 2518 Alexnpdri.
420 2442 546 2521 Jamque
559 2463 576 2502 e
590 2443 783 2502 Macedonum
807 2445 911 2503 castris
926 2446 1074 2523 signorum
1088 2441 1203 2506 coricen-

191 2547 250 2615 tus,
264 2546 295 2598 et
315 2538 407 2597 totius
430 2539 579 2598 exercitus
602 2537 710 2596 clamor
734 2538 915 2599 audiebatur.
957 2541 1003 2599 Ea
1020 2559 1078 2615 res,
1101 2541 1204 2602 ¹‘sieut

192 2635 329 2715 pleraque
342 2633 414 2693 belli
426 2653 500 2692 vana
513 2641 543 2691 et
565 2633 670 2708 manis,
686 2633 832 2693 Barbaros
847 2634 884 2693 sd
907 2635 1087 2694 deditionem
1101 2637 1201 2697 traxit

193 2731 308 2809 Quippe
321 2729 454 2807 occupati
477 2735 564 2803 metu,
587 2729 762 2806 paucitatem
788 2747 896 2804 eorum,
916 2731 966 2809 qui
979 2751 997 2788 a
1011 2737 1094 2810 tergo
1115 2736 1202 2804 erant,
1259 2743 1261 2748 '

192 2827 337 2887 aestimare
350 2843 407 2883 non
421 2830 562 2902 poterant
605 2821 710 2900 Itaque
735 2823 853 2901 (lophan
869 2825 947 2899 (nam
968 2825 1152 2904 trepidantes
1165 2845 1203 2887 re·

192 2921 330 3000 liquerat)
345 2919 461 2979 strenui
483 2909 628 2994 reuocant,
642 2926 674 2976 et
695 2937 760 2976 cnm
785 2937 819 2977 eo
833 2919 953 2997 triginta
974 2921 1120 3000 principes
1143 2921 1202 2983 mit·

193 3023 269 3089 tunt,
282 3016 334 3094 qui
349 3016 469 3073 Petram
481 3011 609 3088 tradant,
624 3020 654 3071 et
667 3005 706 3070 ut'
715 3013 907 3074 incolumibus
916 3015 994 3075 ubire
1005 3016 1102 3091 liceat,
1116 3017 1203 3096 pacis·
1271 3045 1272 3050 ¹

194 3117 302 3169 cantur.
345 3109 364 3138 ¹⁸
372 3108 438 3182 Ille,
460 3127 624 3187 quanquam
645 3108 808 3184 verebatur,
832 3129 868 3168 ne
891 3115 1044 3188 conspecte
1066 3115 1204 3189 juvenum

194 3204 342 3283 paucitate
369 3201 559 3261 deturbarent
585 3221 635 3260 cos
663 3202 796 3277 Barbari,
824 3212 920 3263 tamen
948 3213 979 3264 et
1000 3207 1126 3267 fortunae
1148 3226 1205 3268 auu

195 3299 329 3373 confisus,
343 3306 374 3356 et
388 3297 518 3356 Arimazi
531 3297 674 3376 snperbiae
688 3299 827 3374 intensus,
842 3300 953 3359 nullam
967 3321 997 3360 se
1012 3301 1205 3364 conditionem

196 3393 356 3456 deditionis
378 3392 508 3470 accipere
535 3393 695 3470 respoudit.
738 3394 897 3470 Arimazes,
926 3396 1087 3473 desperatis
1115 3399 1206 3478 magis

195 3509 284 3571 quam
310 3488 435 3566 perditis
457 3487 553 3562 rebus,
578 3507 643 3546 cum
671 3488 842 3567 propinquis
868 3489 1114 3572 nobilissimisque
1150 3513 1207 3555 suae

196 3585 291 3666 gentis
315 3582 498 3643 descendit
490 3603 520 3642 ιιι
545 3589 647 3659 castra,
670 3603 743 3661 quos
767 3603 865 3644 omnes
885 3586 1054 3646 verberibus
1080 3589 1272 3666 affectos,

199 3679 274 3740 sul>
266 3680 338 3758 ipsis
352 3679 499 3738 radicibus
514 3678 642 3736 Petrae¹
645 3677 798 3738 'crucibus
816 3681 907 3757 jussit
921 3681 1005 3760 affigi
1048 3681 1208 3744 Multitudo
1271 3703 1272 3764 ι

199 3774 377 3833 deditior-nm
400 3772 504 3832 incolis
526 3791 666 3831 novarum
680 3771 797 3834 urbium
811 3793 877 3834 oum
898 3776 1022 3854 pecunit
1036 3783 1123 3856 captt
1138 3779 1209 3840 dono
1271 3777 1272 3810 ¹

1270 3835 1272 3924 l
