2592 4400
404 416 525 459 niara
554 415 644 459 viu.
676 416 761 457 aar.
785 416 861 459 Αιιι.
1084 398 1139 459 idi

127 574 194 614 sum
215 554 310 633 igitur
325 553 468 618 Oxartsm
489 574 556 615 eum
576 562 670 614 matrs
689 552 855 635 liberisque,
876 562 908 615 et
928 554 1020 617 tetius
1041 572 1140 634 degum
1183 570 1186 575 ·

127 651 221 709 tionis
233 670 323 729 grege
337 651 523 727 sequebatur,
536 670 573 709 ne
587 658 756 729 exspeetato
769 651 887 730 quidem
901 652 923 684 ⁸⁸
930 652 1000 713 fidei
1012 651 1140 731 pignore,

126 746 208 825 qued
224 745 351 812 Oxartes
360 746 538 823 promiserat.

193 844 238 900 ll.
260 840 337 915 Rex,
359 842 460 919 equite
482 840 642 919 premisse,
656 839 707 919 qui
728 842 899 901 reuertieos
916 842 1042 919 juberet,
1057 860 1142 922 oppe-

128 936 240 1014 ririque
261 936 445 1014 presentiam
468 936 570 1013 ipsius,
584 936 605 966 '⁰
615 936 793 1013 supervenit,
808 944 839 995 et
851 937 977 997 vintimis
999 937 1142 1001 Minervae

127 1050 164 1089 ae
186 1030 329 1091 Victoriae
351 1031 444 1104 eaesis,
464 1030 617 1108 imperium
639 1030 808 1108 Sysimithri
828 1032 968 1107 restituit,
983 1034 1064 1113 “sps
1085 1054 1142 1094 ma·

135 1126 213 1203 juris
236 1125 325 1191 etiam
347 1125 505 1203 preriueise
530 1126 618 1199 faeti,
646 1124 672 1184 si
697 1144 763 1185 eum
786 1126 842 1185 tide
868 1125 1025 1185 amicitiam
1051 1129 1142 1205 ipsius

129 1220 276 1279 uoluisset
319 1220 401 1281 Duos
424 1221 470 1280 illi
495 1223 617 1299 juvenes
638 1228 722 1297 patre
746 1221 889 1296 trudente,
916 1240 1013 1281 seeum
1039 1223 1144 1281 milita·

129 1316 318 1394 turosaequi
337 1316 436 1393 jussit.
479 1315 599 1375 Reliott
620 1315 725 1375 deinde
746 1316 896 1396 phalange,
911 1317 950 1375 ed
969 1316 1144 1396 subigendos

128 1410 183 1489 qui
197 1409 371 1484 defecerant,
385 1430 451 1472 eum
472 1410 737 1489 equitepreeessit.
781 1411 917 1471 Arduum
930 1419 960 1471 et
973 1412 1144 1491 impeditum

130 1506 213 1565 saxis
234 1505 292 1564 iter
312 1505 407 1584 primd
419 1504 439 1533 ⁸¹
446 1512 603 1583 utrumque
622 1505 792 1565 tolerabant.
836 1506 907 1565 Mox
929 1526 1067 1587 equorum
1087 1527 1145 1567 non

129 1600 251 1679 ungulis
272 1601 359 1659 modb
381 1600 502 1674 attritis,
525 1599 579 1659 sed
601 1600 771 1678 emporibus
792 1602 879 1660 etiam
900 1602 1039 1682 fatigatis,
1063 1602 1144 1682 sequi

130 1695 266 1773 plerique
287 1713 345 1754 non
367 1702 557 1773 pererraret
577 1695 673 1753 rarius
695 1695 818 1755 subinde
832 1716 933 1774 agmen
945 1699 1041 1773 fiebat,
1056 1698 1144 1776 pude-

131 1810 195 1848 rem
217 1789 297 1864 ⁸¹(ut
318 1790 380 1848 ferd
403 1790 449 1867 fit)
473 1788 625 1848 immodico
645 1788 745 1849 labere
766 1790 906 1848 sinuente.
957 1790 1025 1849 Rex
1047 1797 1145 1849 tamen

132 1885 258 1947 subinde
276 1902 365 1963 eques
389 1891 513 1958 mutans,
528 1884 591 1945 siue
615 1884 828 1943 intermissione
849 1884 994 1963 fugientes
1016 1886 1146 1964 inseque-

131 1982 230 2041 batur.
282 1979 407 2040 Nobiles
431 1977 553 2055 juvenes
579 1978 713 2039 comitari
742 1998 809 2037 eum
836 1980 915 2039 soliti
943 1980 962 2008 ⁸³
971 1979 1144 2055 defurerent,

23 2117 27 2126 ι
132 2083 242 2155 praeter
270 2075 459 2151 Philippum,
495 2074 663 2151 Lysimaehi
696 2080 759 2133 erat
794 2074 894 2149 frater,
923 2076 986 2133 tim
1019 2075 1147 2153 primdm

133 2172 264 2244 adultus,
289 2177 321 2230 et
346 2170 425 2249 quod
451 2170 536 2229 faeile
562 2176 722 2248 appareret,
746 2168 853 2229 indolis
876 2190 958 2230 rarae.
1001 2170 1034 2230 Is
1057 2171 1147 2249 pedor

135 2267 320 2343 (incredibile
343 2266 436 2343 dictu)
449 2285 502 2343 per
523 2265 648 2324 ducenta
662 2265 757 2324 stadia
770 2265 913 2326 '‘veetum
936 2267 1047 2344 Regem
1062 2267 1147 2326 eomi-

134 2371 217 2422 tatus
230 2369 283 2436 est,
298 2381 375 2438 saepe
388 2379 494 2439 equum
506 2379 591 2421 sumn
604 2361 739 2420 efferente
763 2361 954 2437 Lysimacho:
976 2381 1029 2421 nee
1050 2371 1147 2421 tamen

134 2467 171 2516 ut
195 2456 398 2535 digrederetur
423 2477 442 2514 a
468 2455 551 2535 Rege
571 2455 645 2514 efflei
671 2456 775 2533 potuit,
796 2457 893 2515 ”edm
915 2457 1006 2516 lorieb
1027 2457 1147 2516 indutus

136 2573 219 2612 arma
230 2555 367 2628 gestaret.
408 2550 504 2624 Idem,
517 2552 586 2608 eum
599 2557 771 2627 perventum
785 2559 861 2611 esset
875 2552 905 2636 in
919 2552 1035 2628 saltum,
1050 2554 1079 2611 iu
1090 2571 1148 2632 quo

136 2669 169 2708 se
192 2646 317 2706 Barbari
339 2646 521 2719 abdiderant,
544 2645 672 2705 nobilem
699 2645 793 2705 edidit
819 2665 952 2724 pugnam,
980 2648 1148 2726 Regemque

137 2743 271 2802 eominus
298 2761 363 2800 eum
390 2741 475 2801 hoste
501 2741 687 2799 dimieantem
710 2741 847 2819 protexit.
908 2741 967 2802 Sed
993 2744 1148 2821 postquam

139 2838 266 2898 Barbari
292 2838 322 2897 iu
349 2838 449 2914 iugum
469 2837 554 2895 effusi
579 2835 734 2902 deseruere
762 2836 866 2913 sylvas,
880 2837 1015 2914 ranimus,
1041 2838 1091 2916 qui
1118 2837 1149 2896 in

139 2935 245 2996 erdere
258 2953 364 3010 pugnae
374 2950 479 3008 eorpus
489 2937 713 3004 sustentaverat,
728 2931 831 3009 liquit:
847 2931 1001 3010 subitoque
1011 2951 1048 2990 ex
1063 2933 1150 2990 omni·

139 3031 197 3093 bus
219 3027 356 3089 membris
382 3027 502 3104 profuse
523 3025 638 3102 sudore,
664 3025 775 3085 arboris
805 3026 945 3102 proximae
968 3025 1066 3104 stipiti
1093 3027 1151 3087 ”se

139 3124 292 3204 applieuit
345 3121 471 3195 Deinde,
494 3141 532 3181 ue
555 3120 607 3178 illo
633 3121 751 3199 quidem
778 3121 952 3180 adminieulo
980 3123 1151 3198 sustinente,

139 3219 276 3280 manibus
297 3217 390 3296 Regis
410 3223 550 3300 exeeptus
571 3222 633 3291 est,
656 3215 733 3276 iuter
754 3217 990 3295 quaseollapsus
1011 3217 1152 3296 extingui·

140 3325 200 3375 tur.
244 3313 384 3372 Moestum
406 3312 519 3390 Regem
542 3310 618 3370 alius
637 3310 716 3388 haud
739 3310 815 3370 leuis
828 3311 1045 3392 dulorexeepit
1089 3305 1152 3372 liri·

38 3449 41 3454 -
140 3412 228 3489 gyius
249 3410 326 3468 inter
348 3407 544 3467 elaresduees
565 3407 671 3479 fuerat,
685 3425 770 3483 quem
791 3406 954 3466 extimetum
974 3425 1045 3482 esse,
1065 3406 1154 3484 paulb

141 3507 212 3566 aute
224 3506 313 3584 qubm
325 3509 520 3582 reverteretur
539 3501 571 3560 in
589 3508 694 3574 eastra,
707 3503 850 3578 deguerit.
893 3501 1054 3580 Utriusque
1067 3501 1154 3561 funus
1202 3527 1212 3542 ··

141 3601 222 3662 omui
235 3606 376 3677 apparatu
388 3605 475 3676 atque
484 3597 592 3656 honere
605 3595 782 3654 celebratum
797 3603 850 3654 est

204 3694 271 3755 III.
297 3698 341 3754 12.
370 3692 469 3751 Dahas
496 3691 600 3750 deinde
637 3697 782 3748 statueret
814 3695 929 3767 petere:
959 3689 1006 3748 ibi
1032 3707 1156 3766 namque
1278 3699 1283 3714 “

143 3792 342 3871 Spitameuem
365 3806 430 3846 esse
453 3791 634 3862 eugneverat.
678 3783 755 3843 ¹Sed
775 3785 848 3842 haue
868 3801 981 3860 quoque
1001 3783 1156 3860 expeditio·

143 3908 222 3962 uem,
235 3893 271 3947 ut
283 3884 422 3968 pleraque
435 3881 502 3955 alia,
510 3881 636 3954 fortuna,
647 3878 823 3958 indulgendo
832 3878 860 3936 ei
873 3878 1157 3958 nunquamiatlgata,
