2592 4400
388 395 512 466 arara
538 426 591 467 11.
621 426 706 471 cnr.
736 426 769 467 x.
1037 412 1092 471 241

75 572 163 625 nocte
185 562 357 642 praesideret
379 563 410 623 in
436 564 571 642 speculis,
596 564 764 644 equitesque
789 566 980 643 praemitteret
1007 568 1044 627 ad
1064 588 1097 629 os

77 660 184 734 amnis,
198 667 233 719 ut
246 661 316 717 caim
328 679 408 719 mare
420 664 520 719 rursts
534 668 693 719 exaestuare
708 661 873 737 sensissent,
887 664 1094 740 praeoedersnt.

78 755 210 834 Navigia
221 756 334 833 quoque
347 754 472 814 lacerata
484 754 572 829 refici,
594 762 624 813 st
636 774 735 815 eversa
757 756 891 816 fluetibus
912 759 986 838 erigi
1004 760 1096 836 jubet,

77 859 256 929 paratosque
276 869 339 909 esse
362 856 392 909 et
418 850 547 909 intentos
569 852 638 909 cum
665 855 764 911 rursus
791 872 869 911 mare
895 860 989 913 terras
1015 854 1119 913 inuu-v

78 947 204 1013 disset„

144 1046 192 1101 32.
216 1040 293 1099 roro
316 1045 353 1098 et
378 1046 462 1099 noete
487 1040 564 1099 inter
592 1040 711 1120 vigilias
737 1040 1008 1122 adhortationesque
1034 1032 1098 1103 obn·

79 1142 209 1216 sumpti,
223 1135 358 1195 celeriter
370 1135 482 1214 equites
495 1135 607 1213 ingenti
630 1154 717 1196 eursu
730 1137 868 1216 refugere,
883 1144 913 1195 et
928 1145 1042 1197 secutus
1055 1145 1099 1197 est
1126 1200 1135 1217 ‚

80 1242 180 1295 aestus.
225 1231 283 1303 Qui
296 1231 398 1308 primo,
412 1228 496 1310 aquis
509 1230 568 1289 leui
581 1238 677 1289 tractu
690 1232 888 1308 subeuntibus,
903 1230 989 1312 coepit
1003 1234 1099 1293 levare
1164 1302 1170 1323 ,
1233 1316 1237 1325 ,

80 1328 218 1407 navigia:
238 1346 306 1385 mox
329 1326 401 1385 totis
421 1326 529 1403 campis
553 1326 704 1401 inundans,
718 1327 807 1387 etiam
826 1328 946 1406 impulit
960 1322 1099 1389 classem:

80 1426 258 1503 plaususque
280 1421 406 1481 militum
428 1420 673 1498 nauticorumque,
701 1422 875 1499 insperatam
902 1424 1025 1484 salutem
1048 1426 1100 1483 im·

80 1519 199 1579 modico
231 1516 437 1576 celebrantium
467 1515 582 1593 gaudio,
608 1516 758 1577 littoribus
785 1518 912 1598 ripisque
938 1522 1098 1581 resonabat.
1202 1522 1210 1585 ,’

82 1615 170 1677 Unde
194 1620 307 1672 tantum
327 1612 450 1670 redisset
474 1610 572 1669 subito
598 1612 703 1669 mare?
729 1614 787 1690 qud
806 1614 902 1691 pridie
921 1615 1100 1695 refugisset?

80 1730 215 1790 quaenam
237 1713 314 1768 esset
337 1705 467 1782 ejusdem
487 1706 620 1763 elementi
641 1713 753 1781 natura,
767 1708 852 1768 modb
873 1708 990 1785 discors,
1014 1711 1099 1769 modb
1185 1776 1193 1795 ι

81 1804 207 1883 imperio
234 1809 395 1879 temporum
420 1799 567 1860 obnoxia?
593 1801 757 1861 mirabundi
785 1804 978 1881 requirebant.
1033 1806 1101 1863 Rex

81 1905 152 1960 crim
165 1920 203 1958 ex
215 1918 260 1973 eo,
273 1896 349 1977 quod
369 1894 520 1969 acciderat,
535 1897 719 1973 conjectaret,
733 1905 800 1974 post
820 1898 890 1957 solis
904 1907 1000 1958 ortum
1015 1899 1034 1929 ¹⁸
1044 1906 1100 1959 sta·

81 2005 147 2055 tum
175 2002 290 2071 tempus
313 2010 385 2065 esse,
412 1990 510 2049 medit
535 1998 637 2071 nocte,
656 1999 690 2051 ut
716 1999 820 2051 aestum
846 2002 1006 2071 occuparet,
1036 2014 1101 2054 cum

81 2091 186 2171 paucis
211 2087 336 2168 navigiis
362 2085 486 2146 secundo
512 2105 595 2143 amne
614 2085 752 2146 defluxit:
782 2096 953 2167 evectusque
980 2109 1011 2149 os
1038 2092 1101 2167 ejus

82 2185 297 2267 quadringenta
309 2182 405 2242 stedia
417 2180 556 2259 processit
568 2179 599 2239 in
613 2201 698 2242 marc.
751 2182 880 2242 Tandem
893 2184 954 2243 voti
969 2184 1013 2244 sui
1027 2205 1100 2245 oom-

82 2302 147 2361 pcs,
159 2279 335 2359 praesidibus
354 2285 385 2336 et
407 2276 539 2335 mariset
562 2276 692 2336 locorum
713 2276 779 2337 Diis
800 2277 936 2338 sacrificio
956 2281 1043 2358 facto,
1064 2281 1102 2340 ad

83 2379 208 2438 classem
221 2374 318 2434 rediit
337 2429 349 2452 0

145 2473 186 2533 K
207 2475 256 2531 33.
286 2455 377 2528 'Hinc
400 2467 553 2528 adversum
574 2469 680 2526 flumen
704 2469 795 2528 subiit
819 2469 933 2548 classis3
956 2478 986 2530 et
1009 2471 1101 2532 altero

84 2571 134 2628 dic
154 2567 276 2646 appulsa
297 2571 342 2623 cst
361 2563 439 2622 haud
457 2562 558 2640 procul
580 2563 646 2622 lacu
670 2563 754 2639 salso,
775 2567 858 2642 cujus
879 2567 979 2645 ignota
998 2574 1102 2627 natura

83 2667 239 2745 plerosque
262 2660 382 2736 decepit,
402 2659 510 2716 temere
534 2658 680 2737 ingressos
703 2679 823 2737 aquam3
845 2661 951 2739 quippe
974 2663 1102 2724 ¹scabies

84 2779 205 2838 corpora
218 2755 340 2815 invasit:
361 2762 391 2812 et
411 2753 576 2830 contagium
598 2755 692 2814 morbi
706 2755 794 2812 etiam
814 2755 845 2812 in
865 2756 938 2815 alios
951 2757 1101 2834 vulgatum

84 2865 139 2916 est
198 2853 304 2915 Oleum
329 2849 456 2909 remedio
482 2849 548 2908 fnit
603 2849 733 2908 Leoneto
760 2849 865 2908 deinde
889 2851 1048 2928 praemisso,
1069 2858 1121 2919 ut¹

84 2960 189 3032 puteos
208 2947 328 3021 foderet,
353 2945 432 3023 'quia
455 2944 587 3004 terrestri
608 2945 712 3004 itinere
733 2944 871 3003 ducturus
891 2945 1048 3004 exercitum
1061 2948 1100 3007 vi·

85 3049 211 3108 debatur
235 3041 351 3123 (quippe
376 3041 451 3100 sicca
474 3047 537 3100 erat
559 3040 650 3119 regio)
679 3040 740 3117 ipse
761 3059 826 3098 cum
846 3040 936 3118 copiis
959 3041 1101 3118 substitit,

71 3161 208 3208 ,vernum
220 3147 336 3215 tempus
355 3144 531 3214 exspectans.
573 3135 698 3195 Interim
712 3141 741 3194 et
755 3135 839 3196 urbes
859 3144 1017 3216 portusque
1038 3157 1102 3197 con·

86 3239 172 3298 didit.
215 3233 348 3293 Nearcho
361 3239 446 3312 atque
467 3230 642 3304 Onesicrito,
656 3231 778 3291 nauticae
792 3231 835 3291 rei
856 3233 968 3310 peritis,
983 3236 1102 3313 impera

86 3335 139 3408 rit,
152 3339 189 3392 ut
200 3329 392 3391 validissimas
414 3327 531 3386 navium
553 3326 728 3386 deducerent
750 3326 781 3385 in
795 3326 953 3404 Oceanum,
972 3349 1103 3409 progres-

86 3430 168 3508 sique
195 3424 290 3504 quoad
315 3427 382 3481 tuto
409 3429 535 3500 possent,
567 3429 702 3481 naturam
736 3423 825 3482 maris
852 3431 1021 3482 noscerent:
1055 3425 1102 3484 vel

72 3524 187 3601 ⁴eodem
210 3538 302 3594 amne,
315 3518 363 3578 vel
386 3517 537 3594 Euphrate
557 3516 655 3577 subire
675 3535 723 3577 eos
744 3536 835 3594 posse,
850 3520 917 3576 erim
936 3517 1044 3575 reverti
1066 3517 1103 3574 ad

86 3638 118 3678 sa
130 3617 249 3678 vellent
291 3614 416 3691 Jamque
436 3613 569 3690 mitigate
582 3611 685 3690 hyeme
698 3619 729 3670 et
749 3612 879 3686 navibus,
899 3630 964 3689 quse
985 3609 1103 3670 inutiles

11 3756 12 3768 ,
85 3713 269 3784 ridebantur,
295 3708 437 3782 crematis,
457 3713 536 3766 terre
556 3707 679 3766 ducebat
708 3707 872 3766 exerciturm
928 3703 1023 3762 Nouis
1043 3721 1102 3762 cas-

86 3809 141 3868 tris
164 3809 197 3867 iu
218 3805 364 3884 regionem
387 3803 586 3877 Arabitarum,
600 3803 668 3860 inde
683 3802 804 3860 totidem
818 3801 919 3860 diebus
939 3799 971 3857 in
992 3796 1101 3875 Gedru·

84 3905 195 3964 uorum
207 3883 351 3980 regionem
372 3907 542 3976 perventum
555 3907 609 3956 est
651 3896 742 3955 Liber
762 3895 808 3953 hic
831 3894 965 3972 populus,
979 3893 1101 3962 concilio

252 3999 283 4054 ll
