2592 4400
379 395 502 437 aranu
531 396 601 437 ιιι.
629 396 715 437 oar.
744 396 768 436 1.
1035 378 1090 437 142

69 536 198 594 strenue
224 535 261 594 ad
284 535 451 616 armigeroq,
465 536 516 613 qui
538 534 670 613 proxime
696 536 898 615 sequebantur,
925 535 1088 595 recessisse.

71 632 91 660 ¹·
100 631 153 689 Ad
175 631 240 690 haec
260 631 403 703 accedere,
417 631 496 709 quod
510 632 577 689 crim
592 631 784 709 Antiphanes,
807 632 825 661 ¹¹
837 631 931 690 scriba
951 632 1090 711 equiturn,

72 726 217 803 Amyntae
231 726 446 799 denunoitsset,
459 726 554 803 pridie
574 728 661 805 quim
683 726 811 786 Philotae
825 728 918 785 seclus
939 727 1090 804 deprehen·

71 840 136 879 sum
152 828 242 894 esset,
257 828 292 879 ut
311 839 349 878 ex
368 821 430 878 suis
444 820 535 899 equis,
550 840 629 880 more
651 821 747 895 solito,
763 821 846 880 daret
865 822 902 880 iis
915 823 966 901 qui
981 822 1091 881 amisis·

72 923 139 974 sent
154 936 240 992 snos3
263 916 387 993 superbt
409 916 601 993 respondisse,
615 916 673 975 nisi
695 917 809 994 incepto
832 916 994 991 desisteret,
1009 917 1091 977 brevi

72 1012 219 1069 sciturum
233 1012 299 1090 quis
320 1012 383 1089 ipse
403 1018 489 1069 esset.
532 1012 555 1069 J
557 1032 604 1070 am
625 1011 733 1089 linguae
745 1012 925 1086 violentiam,
946 1013 1089 1071 temerita·

73 1112 203 1185 temque
220 1107 384 1180 uerborum,
411 1126 483 1185 quae
504 1106 535 1164 in
563 1111 751 1184 semetipsum
781 1108 990 1185 jacularentur,
1017 1107 1090 1165 nihil

73 1201 156 1258 aliud
179 1220 254 1276 esse,
268 1202 356 1279 quim
378 1200 495 1261 scelesti
516 1202 605 1259 animi
630 1202 754 1261 indicem
777 1221 811 1261 ao
832 1208 956 1262 testem:
978 1222 1044 1281 quae
1066 1202 1091 1261 si

73 1316 142 1355 vera
167 1303 276 1370 essent,
301 1296 379 1355 idem
404 1297 543 1355 meruisse
571 1316 620 1355 eos
647 1297 726 1375 quod
754 1297 921 1357 Philotam:
955 1298 981 1357 si
1007 1298 1091 1371 falsa,
1136 1346 1139 1351 .

74 1392 193 1468 exigere
212 1392 308 1468 ipsum
329 1398 365 1449 ut
385 1390 525 1452 refellant
582 1392 749 1451 Productus
770 1393 876 1452 deinde
897 1394 1091 1471 Antiphanes,

74 1486 110 1545 de
124 1487 210 1566 equis
226 1506 283 1544 non
297 1486 425 1560 traditis,
439 1493 470 1544 et
483 1486 606 1563 adjectis
620 1488 709 1545 etiam
723 1489 847 1565 superbe
861 1490 946 1547 minis
960 1490 1076 1547 indicat.

134 1586 162 1641 3.
185 1580 263 1641 Tum
284 1582 437 1659 Amyntas,
461 1580 538 1639 facti
559 1580 675 1640 dicendi
698 1589 860 1659 potestate:
883 1587 900 1619 “
913 1585 932 1613 ¹²
944 1583 977 1644 Si
990 1582 1091 1659 nihil,”

74 1675 180 1755 inquit,
195 1677 343 1735 “interest
363 1676 463 1755 Regis,
477 1683 554 1754 peto,
568 1684 603 1735 ut
624 1676 694 1735 dum
716 1677 790 1753 dico,
812 1678 935 1738 vinculis
959 1678 1092 1738 liberer.’'

73 1770 140 1830 'Rex
154 1772 230 1832 solvi
242 1779 397 1850 utrumque
407 1772 510 1847 jubet:
532 1771 764 1852 desiderantique
778 1775 918 1851 Amynta
938 1780 972 1832 ut
987 1772 1005 1801 ¹⁸
1014 1771 1092 1833 hahi-

77 1874 123 1925 tus
136 1884 251 1947 quoque
263 1866 441 1942 redderetur,
455 1867 590 1945 armigeri
603 1865 731 1926 lanceam
744 1867 808 1927 dari
826 1868 933 1945 jussit:
952 1888 1039 1946 quam
1058 1876 1094 1927 ut

78 1962 150 2022 laeve
164 1961 390 2039 comprehendit,
405 1962 513 2021 evitato
525 1982 559 2020 eo
573 1961 646 2037 loco,
662 1963 691 2020 in
710 1981 767 2041 quo
783 1963 802 1991 ¹⁴
813 1962 971 2022 Alexandri
992 1982 1094 2042 corpus

30 2128 35 2137 ,
78 2058 162 2135 paulo
190 2061 258 2117 ante
283 2059 421 2135 jacuerat,
453 2054 732 2136 “Qualiscumque”
758 2058 862 2137 inquit,
891 2059 1014 2119 “exitus
1041 2078 1094 2119 nos

78 2160 180 2230 manet,
205 2154 281 2229 Rex,
304 2153 476 2229 eonfitemur,
497 2172 666 2231 prospemm
688 2160 828 2214 eventum
846 2154 901 2215 tibi
928 2154 1092 2234 debituros3

81 2250 245 2326 tristiorem,
259 2251 386 2309 fortunae
399 2249 598 2326 imputaturoa
641 2249 711 2309 Siue
723 2251 890 2328 praejudicio
900 2251 1021 2310 dicimus
1031 2271 1095 2311 cau·

81 2363 148 2422 sam,
161 2346 263 2406 liberis
283 2344 451 2422 corporibus
472 2342 650 2422 animisque:
671 2345 800 2404 habitum
822 2346 919 2422 etiam,
938 2346 968 2404 in
989 2366 1045 2426 quo
1065 2355 1095 2407 te

82 2442 211 2500 comitari
231 2441 366 2514 solemus,
387 2438 550 2499 reddidisti.
602 2438 729 2500 (laneam
748 2459 805 2500 non
824 2455 985 2520 possumus,
1005 2443 1096 2502 fortu-

79 2551 144 2594 nam
156 2537 263 2595 timere
276 2534 465 2594 desinemus.”

140 2633 158 2665 “
166 2632 210 2691 Te
224 2650 331 2710 quaeso,
345 2629 497 2708 permittas
510 2629 581 2687 mihi
595 2629 626 2688 id
636 2629 761 2708 primtm
774 2631 937 2708 defendere,
951 2631 1028 2710 quod
1038 2653 1056 2691 a
1066 2639 1096 2692 te

81 2724 214 2786 ultimum
228 2727 371 2804 objectum
386 2732 438 2784 est.
481 2723 554 2799 Nos,
568 2726 643 2800 Rex,
659 2725 799 2784 sermonis
813 2725 951 2786 adversus
965 2728 1096 2803 majesta·

83 2825 138 2878 tem
159 2829 241 2881 tuam
261 2820 355 2880 hahiti
376 2820 484 2878 nullius
504 2819 611 2878 conscii
633 2839 732 2879 sumus
752 2820 843 2880 nobis.
885 2820 1027 2896 Dicerem,
1036 2823 1097 2898 jam

82 2916 189 2992 pridem
202 2917 308 2977 vicisse
321 2921 352 2973 te
364 2914 513 2989 invidiam,
525 2915 582 2973 nisi
595 2915 754 2992 periculum
768 2921 852 2990 esset,
865 2934 903 2975 ue
922 2915 980 2975 alia
997 2915 1097 2996 malig-

84 3009 145 3070 nius
156 3013 238 3072 dictc
251 3011 382 3069 crederes
395 3010 502 3071 hlandt
516 3011 645 3069 oratione
660 3011 784 3089 purgari.
807 3009 964 3087 Oeeterrim,
975 3011 1096 3088 etiamsi,

84 3105 183 3166 militis
196 3106 242 3165 tui
254 3105 301 3166 vel
314 3106 344 3163 in
358 3105 472 3184 agmine
484 3095 644 3163 deficientis
660 3112 691 3162 et
703 3105 830 3184 fatigati,
845 3106 891 3166 vel
905 3107 935 3164 in
949 3107 1010 3166 acie
1023 3107 1097 3185 peri·

85 3198 218 3278 clitautis,
232 3200 279 3261 vel
298 3200 330 3258 iu
350 3199 534 3260 tabernaculo
555 3199 626 3278 aegri
648 3205 679 3258 et
700 3199 819 3259 vulnera
840 3202 978 3277 curantis,
1002 3203 1098 3283 aliqua

43 3328 45 3331 -
86 3311 137 3353 vox
149 3296 278 3378 asperior
288 3302 365 3355 esset
378 3302 502 3373 accepta,
510 3313 707 3353 merueramus
716 3295 839 3356 fortibus
849 3296 943 3373 factis,
951 3305 985 3355 ut
997 3299 1098 3357 malles

88 3405 118 3446 ea
131 3392 150 3419 ¹⁸
158 3391 281 3470 tempori
295 3397 395 3450 nostro
407 3390 560 3468 imputare,
572 3392 662 3468 quim
677 3390 784 3450 animo·
823 3392 841 3420 ¹⁸
852 3389 929 3453 (inm
943 3391 1013 3470 quid
1026 3391 1097 3450 acei-

88 3483 127 3541 dit
146 3488 272 3561 tristius,
286 3505 383 3545 omnes
404 3485 447 3544 rei
468 3491 554 3544 sunt:
576 3485 743 3563 corporibus
764 3486 882 3564 nostris,
908 3507 974 3566 qnae
998 3486 1102 3565 utique

89 3594 140 3637 nou
152 3582 273 3657 odimus,
286 3580 407 3640 infestas
427 3580 610 3640 admovemus
631 3571 741 3640 minus.
783 3580 923 3640 Parentes
943 3580 1050 3654 liberis,
1073 3582 1098 3641 si

89 3684 239 3753 occurram,
253 3683 284 3736 et
296 3675 405 3756 ingrati
425 3682 456 3735 ct
475 3675 563 3736 invisi
577 3684 652 3735 sunt.
696 3674 815 3758 Oontrh,
830 3677 897 3734 culm
911 3674 994 3734 donis
1013 3675 1099 3735 hono-

91 3785 186 3848 ramur,
200 3777 265 3832 oum
278 3770 406 3852 praemiis
420 3770 517 3830 onusti
528 3772 705 3848 revertimur,
719 3773 785 3852 quis
800 3773 817 3800 ¹*
828 3772 904 3828 ferre
916 3788 968 3828 nos
979 3769 1099 3846 potest?

90 3865 148 3939 quis
160 3868 240 3928 illam
260 3868 419 3928 animorum
433 3866 612 3925 alacritatem
624 3865 796 3925 continere?
836 3864 1026 3924 Militantium
1046 3883 1100 3924 nee
