2592 4400
764 207 953 431 Ξιὶᾶθᾶ)
1015 228 1108 297 “ff

441 447 559 487 arana
585 447 637 486 av.
666 400 747 487 aar.
775 449 833 488 111.
1104 432 1143 488 39

39 586 279 660 Iastiuentem,
293 585 346 644 hoe
359 586 455 645 acrius
470 579 590 644 fruere.'’
619 586 661 645 At
673 585 725 644 ille
737 586 956 666 haudquaquam
975 586 1057 647 rudis
1069 593 1143 646 trac·

129 681 215 740 tandi
236 681 379 740 militares
391 681 510 756 animos,
526 681 647 758 speciem
662 682 718 742 sibi
732 683 869 742 Herculis
892 683 923 740 in
947 701 1046 741 somno
1066 683 1143 743 obla·

129 785 193 835 tam
221 796 283 836 esse
315 776 483 853 pronunciat
515 775 645 834 dextram
670 777 862 855 porrigentis:
895 777 948 836 illo
983 777 1063 852 duee,
1090 779 1144 838 illo

128 873 286 949 aperiente,
300 872 331 930 in
344 872 444 932 urbem
457 871 565 930 intrare
579 891 608 930 se
622 872 724 930 visum.
766 872 850 930 Inter
869 871 930 932 haec
944 873 1144 933 caduceatores

127 968 306 1042 interfectos,
320 967 451 1046 gentium
462 968 530 1043 jura
544 967 651 1026 violata
671 967 831 1026 referebat:
860 987 946 1026 unam
959 987 1021 1027 esse
1033 970 1143 1045 urbem,
1160 979 1166 996 ”
1179 955 1209 996 l‘

49 1071 119 1139 w
127 1083 194 1145 quae
208 1082 321 1120 cursum
334 1061 452 1122 victoris
465 1061 570 1119 morari
583 1081 654 1120 ausa
666 1069 752 1121 esset.
792 1062 921 1122 Ducibus
942 1063 1047 1121 deiude
1060 1084 1143 1143 nego

128 1158 205 1215 tium
219 1158 313 1232 datur,
326 1163 361 1215 ut
383 1176 449 1215 suos
463 1156 582 1234 quisque
596 1156 738 1235 castiget:
760 1156 887 1235 satisque
899 1158 1032 1217 omuibus
1046 1159 1143 1217 stimu-

128 1252 207 1327 latis,
222 1271 293 1328 opus
316 1271 398 1310 orsus
419 1258 470 1322 est.
513 1251 620 1330 Magna
633 1252 678 1312 vis
701 1270 836 1310 saxorum
857 1254 875 1281 ¹⁷
886 1251 923 1310 ad
941 1271 1057 1312 manum
1072 1259 1142 1328 erat,

129 1347 209 1424 Tyro
223 1355 320 1406 vetere
340 1348 503 1424 praebente:
524 1347 659 1406 materies
681 1367 718 1406 ex
739 1346 851 1408 Libano
870 1354 967 1406 monte
982 1349 1180 1490 mtibnsZ

129 1443 260 1502 turribus
272 1441 411 1502 faciendis
425 1441 625 1501 advehebatur.
641 1474 708 1504 ι...
746 1423 931 1532 M
952 1481 976 1491 -
1004 1411 1094 1522 ff
1183 1433 1206 1534 χ’

35 1528 125 1594 23(
197 1541 240 1597 10.
264 1539 390 1616 Jamque
404 1559 421 1595 a
434 1538 524 1596 fundo
544 1538 632 1596 maris
653 1537 684 1595 iu
704 1537 890 1596 altitudinem
909 1539 1051 1597 modicam
1071 1559 1143 1617 opus

130 1643 307 1709 excreverat,
322 1619 454 1693 nonddm
473 1641 568 1691 tamen
589 1645 672 1712 aquae
691 1634 840 1712 fastigium
864 1635 1014 1713 aequabat:
1036 1643 1066 1692 et
1086 1637 1143 1714 qud

131 1731 251 1807 longius
275 1730 365 1787 moles
390 1729 530 1807 agebatur
543 1749 560 1786 a
572 1729 681 1802 littore,
697 1729 750 1786 hoe
763 1730 856 1806 magis
876 1730 1014 1808 quiequid
1035 1731 1143 1808 ingere·

130 1827 226 1902 batur,
241 1825 393 1903 praealtum
414 1823 586 1884 absorbebat
600 1843 696 1882 mare:
726 1824 819 1902 Tyrii,
833 1825 931 1900 parvis
950 1824 1085 1901 navigiis·
1095 1826 1143 1883 ad-

129 1922 227 1995 m‘otis,
252 1941 304 1999 per
331 1921 490 1980 ludibrium
517 1920 743 1996 exprobrabant,
768 1924 784 1953 “
795 1920 871 1994 illos,
895 1921 983 1978 armis
1009 1921 1143 1997 inclytos,
1164 1927 1210 1994 'qt

51 2018 228 2094 tutdorso,
250 2018 327 2076 sieut
348 2019 488 2093 jumenta,
510 2035 598 2074 onera
618 2015 760 2093 gestare.’'
802 2015 1027 2095 Interrogabant
1048 2016 1144 2091 etiam,

130 2117 147 2148 ‘⁴
158 2134 229 2171 num
251 2115 342 2189 major
357 2113 494 2188 Neptuno
508 2118 586 2169 esset
601 2110 795 2169 Alexander?
806 2112 821 2142 ”
863 2111 1014 2188 Haec‘ipsa
1028 2110 1046 2138 ¹⁸
1054 2111 1142 2170 insec-

129 2212 202 2267 tatio
218 2207 396 2287 alacritatem
410 2208 536 2265 militum
551 2206 690 2265 accendit.
733 2206 860 2284 Jamque
879 2207 1034 2283 paululum
1052 2208 1143 2267 moles

130 2323 234 2383 aquam
256 2294 409 2376 eminebat,
426 2310 454 2360 et
470 2302 556 2361 simul
577 2302 690 2380 aggeris
710 2302 833 2360 latitudo
854 2302 1009 2389 crescebat,
1022 2304 1144 2383 urbique

130 2400 354 2474 admouebatur,
378 2400 445 2456 calm
461 2398 553 2475 Tyrii,
566 2397 766 2476 magnitudine
785 2398 878 2475 molis,
892 2401 975 2475 cujus
988 2400 1143 2457 incremen·
1159 2401 1209 2469 κζ
1280 2434 1284 2441 -

50 2480 193 2564 lustum
208 2516 259 2555 ecs
272 2504 356 2553 antea
370 2494 522 2567 fefellerat,
537 2497 701 2570 conspectat,
715 2494 829 2553 levibus
849 2494 974 2573 navigiis
988 2496 1143 2554 1⁰nondrlm

131 2592 315 2651 commissum
335 2609 407 2667 opus
428 2590 579 2647 circumire
603 2580 767 2665 capierunt,
775 2589 936 2647 missilibus
951 2607 1001 2647 eos
1021 2608 1144 2667 quoque,

131 2689 182 2767 qui
196 2705 249 2764 pro
263 2706 349 2764 opere
364 2678 488 2759 stabant,
504 2686 656 2743 incessere.
700 2680 807 2742 Multis
815 2672 892 2762 ‘drgo
913 2685 1031 2762 impune
1046 2675 1143 2745 vulne·

130 2784 214 2861 ratis,
225 2784 291 2840 otim
303 2789 332 2840 et
346 2800 500 2855 removere,
513 2788 541 2838 et
553 2779 697 2858 appellere
707 2780 828 2856 scaphas
839 2780 858 2807 ²⁰
867 2780 896 2838 in
908 2781 1043 2857 expedito
1057 2787 1143 2855 esset,

132 2880 285 2969 adsunam
301 2878 472 2953 semetipsos
492 2875 593 2935 tuendi
608 2876 643 2935 ab
658 2894 744 2950 opere
765 2881 974 2933 converterant.
1016 2876 1036 2903 ²¹
1046 2876 1145 2955 Igitur
1186 2899 1191 2911 ²
1233 2916 1236 2923 -

65 2970 184 3034 mres
204 2972 399 3031 munientibus
423 2972 499 3029 coria
519 2971 640 3049 velaque
662 2970 752 3062 jussit
775 2969 904 3043 obtendi,
928 2976 963 3026 ut
983 2977 1067 3029 extra
1088 2971 1144 3030 teli

130 3073 222 3130 iatum
237 3076 349 3145 essent;
372 3069 502 3146 duasque
516 3074 612 3125 turres
628 3087 665 3124 ex
679 3066 773 3143 capite
793 3064 877 3123 molis
891 3070 992 3140 erexit,
1008 3068 1144 3145 equibus

131 3172 161 3226 in
178 3166 336 3224 subeuntes
351 3164 471 3240 scaphas
485 3163 544 3220 tela
557 3162 652 3240 iugeri
664 3169 791 3239 possent.
835 3160 955 3237 Contra,
971 3163 1054 3239 Tyrii
1067 3163 1144 3222 nari·

131 3264 180 3343 gia
194 3261 297 3339 procul
311 3280 328 3317 a
342 3264 498 3335 conspectu
511 3259 639 3317 hostium
660 3258 754 3316 littori
774 3259 931 3335 appellunt,
946 3260 1143 3338 expositisque

1254 252 1263 279 a

1264 298 1273 333 l

132 3358 285 3431 militibus,
312 3376 369 3433 eos,
390 3356 440 3434 qui
465 3374 535 3413 saxa
558 3354 720 3431 gestabant,
745 3355 927 3437 obtruncant.
969 3354 1007 3412 In
1032 3334 1207 3413 Libanosstl.
1266 3428 1270 3435 ,

70 3456 248 3533 ’capuaque
270 3452 403 3511 Arabum
427 3457 566 3528 agrestes,
581 3450 786 3526 incompositos
808 3450 983 3508 Macedonas
1007 3450 1144 3529 aggressi,

133 3550 256 3626 triginta
270 3548 331 3605 fere
345 3532 530 3617 interficiunt,
545 3545 731 3622 paucioribus
744 3544 845 3620 captis.

195 3643 259 3702 ΙΙΙ.
286 3646 328 3701 ll.
354 3642 399 3699 lla
413 3660 459 3699 res
474 3641 676 3698 Alexandrum
698 3638 827 3698 dividere
848 3639 1061 3716 copiascoegit
1105 3638 1147 3697 Et

133 3758 171 3798 ne
186 3739 314 3815 segniter
328 3737 456 3795 assidere
470 3736 520 3793 uni
540 3736 608 3795 urbi
621 3735 780 3807 videretur,
796 3735 876 3811 operi
898 3734 1064 3792 Perdiccam
1081 3733 1138 3793 Gra

134 3838 290 3911 terumque
304 3832 451 3909 praefecit:
473 3831 535 3907 ipse
550 3850 615 3888 cum
636 3829 775 3905 expedita
795 3848 883 3885 mauu
898 3829 1039 3886 Arabiam
1053 3830 1146 3905 petiit.
1153 3826 1164 3871 ³·
1180 3807 1204 3883 ἶ.

68 3914 112 3989 J(
112 3922 130 3976 l
136 3930 220 3989 Inter
234 3930 305 4003 haec,
320 3927 404 4005 Tyrii
417 3945 520 3985 navem
534 3924 734 4003 magnitudine
749 3924 866 3996 eximia,
881 3924 960 3984 saxis
973 3928 1118 4001 meatque
1129 3944 1147 3981 a
