2592 4400
158 357 199 418 st
507 371 645 422 oursrr
676 371 815 410 ousrrr
854 399 858 407 .

158 511 316 592 quostiam
331 511 461 590 proximo
477 508 579 588 pralio
599 508 731 583 salubris,
745 514 775 568 st
797 517 918 568 saturos
931 507 970 569 sd
992 509 1181 570 deditionem

102 577 144 663 ίΙ
159 607 205 668 sni
232 607 405 666 incitaturus
433 605 567 682 exemplo
599 603 762 666 ridebatur.
818 603 917 683 Igitur
948 604 1027 664 buno
1054 605 1181 685 quidem

158 703 280 780 benigni
307 721 373 760 oum
397 701 497 761 liboris
527 699 649 778 axospit.
703 699 864 760 Gruterum·
878 699 1022 780 quadrato
1049 701 1181 780 agmins,

158 797 237 876 qnod
261 797 323 875 ipso
347 796 479 871 dotabat,
493 793 576 856 volut
597 795 629 853 iu
649 794 741 853 aoiorn
764 795 849 867 irent,
864 794 977 872 ingredi
987 813 1057 854 suos
1077 795 1178 872 jubet

160 893 267 970 Magna
280 911 347 970 pars
361 891 591 969 Babyloniorum
605 890 775 949 constiterat
787 889 818 947 in
840 889 940 964 muris,
954 889 1041 948 avida
1054 909 1178 968 uognos

159 988 243 1046 oondi
264 1006 369 1047 novum
394 985 514 1066 Regem.
567 983 674 1042 Plures
696 983 813 1044 obviim
836 984 946 1062 egrossi
967 991 1044 1044 sunt
1088 984 1179 1043 Inter

90 1071 229 1161 dt‘quos
244 1081 444 1160 Bagophanss‚
459 1079 534 1139 aruis
559 1085 590 1138 ot
614 1078 702 1155 rogits
715 1079 845 1155 peonniar
868 1086 975 1153 oustos,
989 1099 1026 1137 na
1039 1079 1144 1138 studio
1157 1099 1178 1137 ι

160 1177 270 1236 Maaaeo
284 1179 456 1249 vinceretur,
467 1181 560 1234 totum
574 1173 631 1232 itsr
644 1172 764 1233 floribus
776 1173 946 1253 coronisque
956 1180 1173 1249 oonstravorat3

159 1271 303 1350 argenteis
316 1269 458 1330 altaribus
481 1277 603 1347 utroquo
627 1267 719 1326 latero
743 1267 902 1345 disponitis,
917 1289 984 1348 quas
1004 1287 1063 1327 non
1084 1268 1174 1327 tburs

159 1365 254 1439 modo,
269 1364 320 1424 sod
337 1363 468 1423 omnibns
483 1363 620 1422 odoribus
634 1363 840 1422 cumulaverat
884 1363 962 1421 Eum
975 1362 1052 1422 dona
1071 1381 1173 1441 seque·

147 1433 275 1535 'bantus
288 1477 391 1538 greges
414 1477 558 1537 psoornm‚
573 1475 785 1537 equorumque:
806 1457 906 1516 looues
926 1465 1084 1537 quoquest
1107 1477 1172 1535 par·

82 1533 140 1656 st
153 1555 241 1614 dales
255 1554 350 1614 oavsis
361 1552 596 1631 praeferebantur.
626 1552 646 1582 ¹⁰
659 1551 740 1630 Magi
750 1552 866 1625 deindd,
881 1571 934 1610 suo
947 1571 1026 1611 mors
1040 1553 1173 1630 patrium

160 1669 274 1711 oarmen
297 1656 439 1708 canentes.
483 1646 557 1706 Post
580 1647 634 1706 hos
646 1645 1074 1801 wiotumqn
1112 1667 1172 1705 non

160 1752 242 1806 vates
255 1744 340 1803 modd
355 1743 407 1802 sod
421 1742 509 1802 etiarn
523 1741 657 1816 artificas,
672 1761 688 1800 a
802 1741 808 1754 ⁸
831 1761 866 1800 us
881 1744 927 1802 sui
941 1743 1053 1849 goperis
1067 1762 1078 1799 1
1138 1749 1171 1800 t:

68 1887 81 1895 ..
160 1840 260 1916 laudas
273 1840 305 1899 hi
328 1838 444 1916 Regum
458 1857 560 1896 uouere
583 1836 681 1912 soliti3
705 1835 836 1896 Ohaldaei
860 1836 988 1910 sidorum
1012 1843 1119 1910 motus,
1139 1844 1173 1895 et

161 1943 250 1994 statas
264 1941 425 2012 temporum
438 1933 516 1992 vioos
537 1931 697 1992 ostendero.
740 1931 863 2018 Eqpitas
877 1928 981 1990 deindd
1002 1931 1171 2009 Babylonii,
1227 1912 1231 1920 ¹

92 2023 213 2148 Vssuo
240 2038 326 2108 atque
353 2047 490 2108 equorum
517 2027 608 2102 uultu,
633 2026 703 2085 ”ad
729 2025 875 2087 luxuriam
901 2027 1002 2103 mag‘is,
1022 2029 1110 2105 quitur
1131 2027 1172 2084 sd

161 2123 400 2203 magnificentiam
425 2128 535 2195 oxaoto,
558 2121 656 2180 ultimi
676 2121 765 2180 ibant.
806 2121 874 2179 Rex
891 2120 1013 2179 armatis
1033 2121 1170 2199 stipatus,

162 2219 369 2297 oppidanorum
391 2216 504 2276 turbam
526 2224 594 2294 post
616 2217 736 2275 ultimos
758 2216 873 2295 pedites
895 2216 938 2275 irs
958 2217 1056 2293 jussit.
1099 2217 1170 2294 Ipso

161 2316 258 2373 ”oum
273 2333 359 2371 curru
380 2312 490 2387 urbam,
505 2331 538 2371 aa
552 2312 658 2371 deindo
671 2312 781 2389 regiam
804 2312 932 2373 intravit.
976 2312 1100 2371 Postero
1120 2313 1169 2371 dis

162 2392 369 2487 supelleetil‘em
381 2405 472 2479 Darii,
488 2414 518 2464 et
532 2412 644 2470 onstsm
657 2406 995 2485 pecuniamffeoognovit

90 2498 135 2562 dd
222 2506 248 2561 4.
272 2500 426 2575 Craterum,
451 2500 470 2528 ²³
482 2500 572 2577 ipsius
592 2501 673 2561 urbis
697 2500 884 2577 pulchritudo
905 2520 938 2559 ao
957 2508 1098 2576 vetustas,
1112 2520 1168 2559 non

162 2597 253 2675 Regis
267 2596 360 2668 modd,
375 2595 426 2655 sed
439 2594 526 2653 otiam
537 2595 665 2653 omniurn
677 2595 775 2652 ooulos
786 2595 816 2652 iu
830 2603 921 2653 semet
934 2594 1011 2653 baud
1025 2596 1167 2654 immerito

162 2692 309 2752 convertit.
353 2690 519 2751 Semiramis
541 2708 604 2749 eam
627 2689 804 2763 condideras,
825 2690 873 2749 vel
893 2690 940 2765 (ut
960 2690 1092 2768 pleriquo
1112 2711 1165 2749 oro·
1279 2743 1280 2766 ἶ

108 2837 114 2846 ,
163 2788 277 2865 nidore)
307 2786 407 2861 Belus,
431 2787 514 2861 nujus
542 2786 622 2861 regia
647 2784 819 2844 ostenditur.
875 2785 980 2844 Murus
1008 2785 1167 2843 instructus
1248 2769 1280 2830 ‘l

161 2884 181 2911 ²⁴
192 2882 331 2942 lutaroulo
346 2880 452 2955 curtili,
467 2880 608 2941 bitumino
617 2879 773 2952 interlitus,
788 2879 913 2957 spatium
927 2898 987 2938 xxx
1001 2887 1032 2938 at
1045 2880 1165 2939 duorum

94 2967 154 3050 il*
161 2978 268 3055 pedum
282 2976 465 3035 latitudinem
475 2974 676 3051 amplectitur:
691 2973 840 3052 quadrigas
853 2974 931 3033 inter
943 2993 974 3033 so
987 2983 1166 3034 oeconomos

162 3074 224 3133 sino
237 3069 366 3147 periculo
380 3068 400 3097 ’⁶
411 3088 569 3127 commeare
591 3069 736 3127 diountur.
779 3068 917 3127 Altitudo
932 3068 1007 3126 muri
1021 3069 1042 3096 '⁸
1051 3077 1166 3128 uantum
1267 3104 1271 3108 .

162 3165 324 3233 cubitorum
337 3162 444 3221 eminet
457 3163 558 3239 spatio.
594 3162 703 3221 Turres
718 3162 800 3221 denis
813 3164 944 3240 pedibus,
957 3165 1045 3241 quam
1058 3183 1164 3238 murus,

162 3259 280 3319 altiores
294 3262 370 3315 sunt.
424 3256 527 3315 Totius
549 3257 645 3333 operis
667 3256 793 3315 ambitus
812 3257 960 3317 ''cccuxv
978 3257 1074 3316 stadia
1095 3277 1164 3317 oom-

162 3350 306 3433 plootitur.
346 3350 561 3427 ”Singulorum
584 3352 744 3410 stadiorum
766 3359 942 3411 structuram
963 3352 1085 3430 singulis
1108 3354 1164 3413 die·

96 3436 141 3535 φο
162 3449 216 3509 bns
240 3447 398 3525 perfactam
421 3462 492 3519 esse,
516 3443 663 3503 memoriae
685 3446 834 3522 proditum
855 3454 910 3505 est.
953 3447 1092 3506 AEdifioia
1109 3468 1164 3507 non

162 3538 230 3602 sunt
253 3540 369 3599 admota
382 3540 480 3613 muris,
495 3538 546 3597 sad
571 3539 630 3597 ferd
646 3542 772 3617 spatium
791 3541 878 3600 unius
898 3542 917 3569 ¹⁹
928 3542 1040 3619 jugeris
1053 3542 1162 3602 absunt

163 3638 209 3696 Aa
232 3656 268 3695 ns
292 3640 382 3693 totam
404 3633 520 3711 quidem
543 3634 645 3692 urbem
667 3634 752 3694 tectis
772 3644 993 3712 occupaverunt.
1046 3636 1106 3695 Por
1128 3656 1162 3695 xc

162 3730 256 3789 stadia
280 3728 446 3787 habitatur:
474 3747 526 3785 neo
551 3728 646 3785 omnia
668 3728 833 3787 ”continua
855 3737 942 3804 sont;
975 3730 1070 3803 uredo,
1098 3733 1163 3809 quia

162 3826 253 3885 tutius
280 3824 375 3883 visum
402 3830 447 3881 ast
480 3814 613 3900 pluribus
647 3822 720 3881 lonis
748 3815 853 3903 spargi.
910 3822 1025 3884 Gaetera
1058 3837 1161 3903 serunt,
