2592 4400
180 406 240 465 262
529 422 669 473 ausuri
696 422 839 463 curru

179 568 246 621 tens
258 560 381 636 animus,
394 576 442 621 res
460 568 654 623 novaturum:
675 559 838 622 meminisse
854 563 861 591 ¹
873 577 949 637 enm,
961 560 1033 642 quid
1054 562 1093 623 de
1114 561 1203 643 Rege

178 657 345 717 meruisset:
366 656 526 715 'neminem
539 663 638 715 autem
651 656 679 715 ei
699 656 770 721 satis
782 656 871 717 fidum
890 676 960 731 esse,
974 676 1059 737 quem
1074 666 1200 720 metuat

179 751 425 829 Respatiebatur
436 751 537 829 magis,
550 752 640 829 quiam
658 750 877 811 assentiebatur.
920 752 1025 830 Itaque
1047 752 1202 832 Meleager
1288 820 1289 827 ἵ

178 847 404 924 silentiumque
431 845 553 922 imperio
579 845 697 921 habuit;
728 845 864 924 misitque
892 847 985 926 Regis
1011 849 1127 907 nomine
1147 851 1201 927 qni
1288 856 1289 927 ᾗ

178 943 347 1003 Perdiccam
368 946 556 1003 accerserent
597 940 708 1001 Iisdem
726 941 895 1001 mandatum
916 950 950 1000 ut
976 942 1150 1018 occiderent,
1172 946 1200 1003 si
1288 950 1289 1027 l

178 1041 276 1101 venire
302 1038 458 1099 dubitaret
509 1035 673 1110 Perdiccas,
705 1036 840 1095 nunciato
866 1038 1026 1097 satellitum
1059 1038 1188 1099 adventu
1243 1060 1248 1069 ·

177 1134 323 1195 sexdecim
336 1132 472 1193 'omnint
493 1130 591 1209 pueris
611 1131 701 1210 regim
722 1132 847 1193 cohortis
867 1134 1020 1193 comitatus
1041 1134 1073 1191 in
1096 1134 1198 1193 limine
1288 1180 1289 1219 3

177 1229 366 1290 dumnissum
391 1227 532 1300 constitit,
557 1227 799 1306 ⁴castigatosque,
824 1236 855 1287 et
883 1228 1024 1308 Meleagri
1051 1231 1199 1307 mancipia

177 1324 339 1384 identidem
364 1322 521 1401 appellans,
547 1322 589 1381 sic
609 1321 698 1381 animi
717 1322 875 1401 vultusque
897 1323 1060 1383 comeantio
1081 1327 1197 1401 terruit,

177 1420 286 1480 utrix
310 1418 417 1479 mentis
440 1425 588 1495 compotes
610 1418 751 1496 fugarent.
799 1418 954 1479 Perdiccas
981 1438 1086 1496 pueros
1103 1420 1198 1496 jussit

176 1534 265 1595 equos
288 1512 495 1589 conscenderc3
526 1519 645 1573 etcum
667 1513 767 1590 paucis
787 1513 944 1573 amicorum
964 1515 1003 1573 ad
1031 1516 1196 1575 Lcouatum
1288 1518 1289 1523 ’

176 1610 318 1689 pervenit,
338 1611 399 1686 iam
417 1608 542 1669 firmiore
561 1608 698 1686 praesidio
711 1610 770 1668 vim
789 1610 1017 1687 propulsaturus,
1030 1612 1055 1670 si
1068 1612 1133 1690 quis
1154 1612 1197 1671 in·

175 1708 275 1768 ferret.
318 1706 441 1765 Postero
454 1703 634 1783 die-indigna
654 1724 701 1763 res
725 1704 931 1765 Macedonibus
944 1705 1108 1781 ridebatur,
1123 1708 1197 1767 Per·

177 1803 287 1862 dicem
299 1802 337 1862 ad
349 1800 453 1861 mortis
465 1800 623 1878 pericnlum
644 1799 820 1876 adductum3
843 1807 872 1859 et
894 1800 1036 1881 Meleagri
1050 1802 1197 1861 temerita-

177 1906 236 1958 tem
259 1897 346 1959 armis
370 1897 466 1957 ultum
487 1896 530 1959 ire
553 1895 745 1956 decreveram
796 1896 896 1973 Atque
919 1896 966 1955 illi
987 1899 1055 1955 culm
1081 1897 1195 1977 Regem

175 1996 316 2069 adiment,
330 1993 508 2070 interrogare
520 2010 586 2051 euru
606 1994 727 2067 coepere,
742 2008 781 2047 an
802 1990 971 2051 Perdiccam
992 1992 1193 2071 comprehendi
1288 2022 1289 2041 1

175 2090 237 2168 ipsc
248 2091 389 2167 jussisset
431 2088 497 2161 Ille,
513 2085 656 2165 Meleagri
676 2086 819 2145 instinctu
839 2104 869 2147 se
890 2087 1021 2163 jussisse,
1036 2090 1191 2167 respondit

176 2184 322 2248 Caeterum
333 2205 392 2244 non
405 2183 511 2244 debere
530 2182 701 2242 tumultuari
716 2201 783 2242 eos:
804 2182 973 2242 Perdiccam
993 2184 1070 2244 enim
1084 2184 1191 2249 vivere.

175 2281 274 2360 Igitur
285 2281 421 2340 concione
434 2279 565 2353 dimicat,
580 2278 728 2357 Meleager
748 2277 876 2357 equitum
895 2279 1020 2338 maxime
1035 2278 1193 2340 defectione

174 2376 354 2455 perterritus,
367 2375 507 2452 inopsque
520 2373 635 2433 concilii
651 2373 769 2451 (quippo
790 2374 821 2432 iu
835 2374 929 2451 ipsum
948 2369 1108 2451 periculu‘m
1121 2376 1194 2434 reci·
1288 2393 1289 2402 ³

89 2455 92 2460 ¹
174 2471 267 2545 derat,
279 2469 358 2548 quod
378 2469 494 2528 inimico
514 2468 601 2545 psuld
613 2471 682 2526 untd
697 2469 881 2548 intenderat),
896 2469 1025 2528 triduum
1046 2470 1106 2529 iere
1127 2489 1194 2530 con·
1288 2499 1289 2542 l

175 2565 307 2642 sumpsit,
321 2564 434 2623 incerta
446 2563 568 2624 consilia
581 2562 730 2623 volvendo.
784 2563 825 2624 Et
837 2564 961 2641 pristina
973 2565 1090 2644 quidem
1103 2567 1194 2644 regim
1288 2551 1289 2572 ¹

175 2660 286 2739 species
308 2659 450 2719 manebat
493 2655 572 2720 Nam
587 2665 617 2716 et
635 2658 725 2736 legati
746 2659 876 2737 gentium
890 2659 999 2738 Regem
1012 2659 1139 2736 adibant,
1162 2669 1193 2720 et

93 2815 100 2828 ,
173 2755 321 2834 copiarum
343 2754 431 2813 duces
454 2751 584 2828 aderant,
608 2760 639 2812 et
662 2753 838 2814 vestibulum
865 2754 1004 2812 satellites
1030 2755 1191 2834 armatique
1288 2785 1289 2818 ÷

174 2852 393 2929 compleuerant.
430 2848 493 2916 ⁴Sed
506 2848 625 2927 'ingens
647 2852 701 2908 sut
721 2849 983 2926 spontemoestitia
995 2849 1108 2910 ultimae
1128 2850 1191 2910 des-
1288 2847 1289 2910 i

173 2947 330 3026 perationis
352 2945 439 3006 index
462 2951 542 3020 erst;
571 2943 754 3021 suspectique
778 2943 909 3019 invicem,
933 2963 989 3003 non
1016 2945 1096 3004 adire
1125 2966 1190 3024 pro·

173 3042 251 3120 piris,
271 3061 329 3100 non
352 3040 478 3118 colloqui
501 3037 664 3100 audebant:
696 3045 820 3098 seorsus
847 3039 1037 3119 cogitationes
1061 3041 1139 3101 intra
1159 3061 1191 3102 se
1288 3033 1289 3078 3

172 3135 294 3215 quisque
306 3135 472 3211 volventes3
494 3142 525 3194 et
538 3154 575 3195 ex
587 3133 799 3212 comparatione
820 3133 910 3213 Regis
930 3135 999 3194 novi
1012 3135 1189 3197 desiderium

173 3230 354 3291 excitabatur
368 3230 473 3289 amissi
515 3229 576 3290 Ubi
588 3230 641 3288 illc
655 3236 739 3305 esset,
753 3231 836 3307 cnjus
849 3229 1010 3307 imperium,
1024 3233 1107 3308 cujus
1125 3252 1191 3292 ans·
1288 3247 1289 3316 q

172 3325 280 3404 picium
293 3324 495 3397 secutierant,
508 3325 700 3402 requirebant.
741 3323 905 3383 Destitutos
919 3343 949 3384 se
970 3324 1046 3384 inter
1067 3326 1191 3388 infestas

172 3419 384 3497 indomitasque
407 3424 516 3496 gentes,
529 3419 539 3444 ⁸
550 3419 730 3496 expetituras
744 3425 788 3476 tot
807 3417 934 3476 cladium
947 3437 1064 3478 suarum
1078 3439 1189 3498 poenas,

171 3516 406 3595 quandocumque
428 3512 527 3573 oblata
548 3522 625 3572 esset
646 3513 764 3574 occasio.
807 3514 864 3572 His
884 3514 1110 3594 cogitationibus
1131 3519 1191 3576 ani·
1288 3555 1289 3562 κ

6 3612 7 3615 ’
77 3633 81 3639 ’
171 3630 233 3670 mos
256 3610 426 3682 eredebant,
449 3613 513 3668 cum
537 3609 736 3685 annunciatur,
759 3609 871 3688 equites
893 3610 944 3687 qui
970 3610 1024 3670 sub
1049 3610 1199 3670 Perdicct'

171 3716 275 3779 essent,
300 3705 445 3781 occupatis
468 3703 545 3762 circa
567 3703 744 3782 Babylonem
764 3703 881 3780 campis,
902 3703 1089 3779 frumentum,
1110 3705 1192 3783 quod
1286 3677 1289 3704 4

171 3800 202 3859 in
228 3801 328 3859 urbem
353 3799 550 3873 invehebatur,
577 3797 743 3858 retinuisse.
794 3797 900 3876 Itaque
926 3797 1023 3876 inopia
1048 3799 1189 3876 primum,

171 3895 274 3953 deinde
296 3895 385 3953 mures
406 3913 471 3954 csse
490 3893 585 3970 coepit
636 3893 679 3951 lit
699 3892 750 3971 qui
763 3891 795 3950 in
814 3893 885 3954 urbe
904 3901 996 3970 erant,
1016 3901 1067 3954 aut
1089 3913 1191 3954 recon-
1288 3949 1289 3968 ,
