<?xml version="1.0" encoding="UTF-8"?>
<!DOCTYPE html PUBLIC "-//W3C//DTD XHTML 1.0 Transitional//EN"
    "http://www.w3.org/TR/xhtml1/DTD/xhtml1-transitional.dtd">
<html xmlns="http://www.w3.org/1999/xhtml" xml:lang="en" lang="en">
 <head>
  <title>
</title>
<meta http-equiv="Content-Type" content="text/html;charset=utf-8" />
  <meta name='ocr-system' content='tesseract 3.04.00' />
  <meta name='ocr-capabilities' content='ocr_page ocr_carea ocr_par ocr_line ocrx_word'/>
</head>
<body>
  <div class='ocr_page' id='page_1' title='image "./quintuscurtiusr00crosgoog_0141.png"; bbox 0 0 2592 4400; ppageno 0'>
   <div class='ocr_carea' id='block_1_1' title="bbox 175 372 829 440">
    <p class='ocr_par' dir='ltr' id='par_1_1' title="bbox 175 372 829 440">
     <span class='ocr_line' id='line_1_1' title="bbox 175 372 829 440; baseline 0 -11"><span class='ocrx_word' id='word_1_1' title='bbox 175 372 231 431; x_wconf 75' lang='lat' dir='ltr'><strong>lts</strong></span> <span class='ocrx_word' id='word_1_2' title='bbox 520 388 660 440; x_wconf 79' lang='lat' dir='ltr'><strong>onrsrr</strong></span> <span class='ocrx_word' id='word_1_3' title='bbox 688 388 829 431; x_wconf 76' lang='lat' dir='ltr'><strong>cesset</strong></span> 
     </span>
    </p>
   </div>
   <div class='ocr_carea' id='block_1_2' title="bbox 167 526 1198 1084">
    <p class='ocr_par' dir='ltr' id='par_1_2' title="bbox 167 515 1278 1084">
     <span class='ocr_line' id='line_1_2' title="bbox 169 526 1195 607; baseline 0.001 -20"><span class='ocrx_word' id='word_1_4' title='bbox 169 526 283 602; x_wconf 79' lang='lat' dir='ltr'><strong>tulisse,</strong></span> <span class='ocrx_word' id='word_1_5' title='bbox 298 526 350 587; x_wconf 91' lang='lat' dir='ltr'><strong>sed</strong></span> <span class='ocrx_word' id='word_1_6' title='bbox 371 526 467 605; x_wconf 85' lang='lat' dir='ltr'><strong>ipsum</strong></span> <span class='ocrx_word' id='word_1_7' title='bbox 488 533 550 587; x_wconf 78' lang='lat' dir='ltr'><strong>tsm</strong></span> <span class='ocrx_word' id='word_1_8' title='bbox 564 526 623 588; x_wconf 82' lang='lat' dir='ltr'><strong>levi</strong></span> <span class='ocrx_word' id='word_1_9' title='bbox 646 527 758 588; x_wconf 80' lang='lat' dir='ltr'><strong>scotori</strong></span> <span class='ocrx_word' id='word_1_10' title='bbox 777 528 852 587; x_wconf 88' lang='lat' dir='ltr'><strong>nihil</strong></span> <span class='ocrx_word' id='word_1_11' title='bbox 871 527 1058 605; x_wconf 86' lang='lat' dir='ltr'><strong>credidisse,”</strong></span> <span class='ocrx_word' id='word_1_12' title='bbox 1073 548 1195 607; x_wconf 89' lang='lat' dir='ltr'><strong>respon·</strong></span> 
     </span>
     <span class='ocr_line' id='line_1_3' title="bbox 169 620 1196 701; baseline 0.002 -22"><span class='ocrx_word' id='word_1_13' title='bbox 169 620 232 681; x_wconf 86' lang='lat' dir='ltr'><strong>dit:</strong></span> <span class='ocrx_word' id='word_1_14' title='bbox 253 622 410 682; x_wconf 84' lang='lat' dir='ltr'><strong>“veritum</strong></span> <span class='ocrx_word' id='word_1_15' title='bbox 430 642 467 682; x_wconf 90' lang='lat' dir='ltr'><strong>ne</strong></span> <span class='ocrx_word' id='word_1_16' title='bbox 485 622 616 701; x_wconf 78' lang='lat' dir='ltr'><strong>jurgium</strong></span> <span class='ocrx_word' id='word_1_17' title='bbox 636 623 716 683; x_wconf 90' lang='lat' dir='ltr'><strong>inter</strong></span> <span class='ocrx_word' id='word_1_18' title='bbox 729 630 885 683; x_wconf 88' lang='lat' dir='ltr'><strong>amatorem</strong></span> <span class='ocrx_word' id='word_1_19' title='bbox 901 630 931 682; x_wconf 90' lang='lat' dir='ltr'><strong>et</strong></span> <span class='ocrx_word' id='word_1_20' title='bbox 951 623 1114 698; x_wconf 86' lang='lat' dir='ltr'><strong>exoletum,</strong></span> <span class='ocrx_word' id='word_1_21' title='bbox 1137 642 1196 681; x_wconf 90' lang='lat' dir='ltr'><strong>non</strong></span> 
     </span>
     <span class='ocr_line' id='line_1_4' title="bbox 169 716 1198 796; baseline 0.002 -21"><span class='ocrx_word' id='word_1_22' title='bbox 169 717 234 776; x_wconf 87' lang='lat' dir='ltr'><strong>sine</strong></span> <span class='ocrx_word' id='word_1_23' title='bbox 260 717 323 775; x_wconf 91' lang='lat' dir='ltr'><strong>risu</strong></span> <span class='ocrx_word' id='word_1_24' title='bbox 350 717 483 794; x_wconf 81' lang='lat' dir='ltr'><strong>eliorum,</strong></span> <span class='ocrx_word' id='word_1_25' title='bbox 517 718 679 778; x_wconf 84' lang='lat' dir='ltr'><strong>detulisset.</strong></span> <span class='ocrx_word' id='word_1_26' title='bbox 736 716 810 778; x_wconf 79' lang='lat' dir='ltr'><strong>eom</strong></span> <span class='ocrx_word' id='word_1_27' title='bbox 839 719 970 796; x_wconf 83' lang='lat' dir='ltr'><strong>Dymnus</strong></span> <span class='ocrx_word' id='word_1_28' title='bbox 1004 719 1198 779; x_wconf 73' lang='lat' dir='ltr'><strong>interemerit</strong></span> 
     </span>
     <span class='ocr_line' id='line_1_5' title="bbox 168 811 1196 893; baseline -0.001 -21"><span class='ocrx_word' id='word_1_29' title='bbox 168 812 304 890; x_wconf 83' lang='lat' dir='ltr'><strong>seipsum,</strong></span> <span class='ocrx_word' id='word_1_30' title='bbox 328 811 548 893; x_wconf 82' lang='lat' dir='ltr'><strong>qualiacumque</strong></span> <span class='ocrx_word' id='word_1_31' title='bbox 571 821 663 889; x_wconf 79' lang='lat' dir='ltr'><strong>erant,</strong></span> <span class='ocrx_word' id='word_1_32' title='bbox 691 832 749 873; x_wconf 87' lang='lat' dir='ltr'><strong>nou</strong></span> <span class='ocrx_word' id='word_1_33' title='bbox 776 814 866 873; x_wconf 84' lang='lat' dir='ltr'><strong>luisse</strong></span> <span class='ocrx_word' id='word_1_34' title='bbox 894 814 1060 873; x_wconf 87' lang='lat' dir='ltr'><strong>reticenda:</strong></span> <span class='ocrx_word' id='word_1_35' title='bbox 1075 816 1092 847; x_wconf 89' lang='lat'><strong>”</strong></span> <span class='ocrx_word' id='word_1_36' title='bbox 1117 834 1196 873; x_wconf 90' lang='lat' dir='ltr'><strong>cem·</strong></span> 
     </span>
     <span class='ocr_line' id='line_1_6' title="bbox 168 907 1197 989; baseline 0 -22"><span class='ocrx_word' id='word_1_37' title='bbox 168 907 330 988; x_wconf 80' lang='lat' dir='ltr'><strong>plerusque</strong></span> <span class='ocrx_word' id='word_1_38' title='bbox 344 909 467 989; x_wconf 77' lang='lat' dir='ltr'><strong>Regem,</strong></span> <span class='ocrx_word' id='word_1_39' title='bbox 480 928 565 968; x_wconf 86' lang='lat' dir='ltr'><strong>orare</strong></span> <span class='ocrx_word' id='word_1_40' title='bbox 587 908 685 987; x_wconf 76' lang='lat' dir='ltr'><strong>erepit,</strong></span> <span class='ocrx_word' id='word_1_41' title='bbox 701 912 718 943; x_wconf 84' lang='lat'><strong>“</strong></span> <span class='ocrx_word' id='word_1_42' title='bbox 730 916 765 968; x_wconf 92' lang='lat' dir='ltr'><strong>ut</strong></span> <span class='ocrx_word' id='word_1_43' title='bbox 786 910 965 987; x_wconf 84' lang='lat' dir='ltr'><strong>proeteritam</strong></span> <span class='ocrx_word' id='word_1_44' title='bbox 978 909 1070 969; x_wconf 75' lang='lat' dir='ltr'><strong>ritem</strong></span> <span class='ocrx_word' id='word_1_45' title='bbox 1085 911 1197 987; x_wconf 82' lang='lat' dir='ltr'><strong>petius</strong></span> 
     </span>
     <span class='ocr_line' id='line_1_7' title="bbox 167 1004 1196 1084; baseline 0.002 -23"><span class='ocrx_word' id='word_1_46' title='bbox 167 1006 256 1083; x_wconf 75' lang='lat' dir='ltr'><strong>quem</strong></span> <span class='ocrx_word' id='word_1_47' title='bbox 280 1004 403 1084; x_wconf 88' lang='lat' dir='ltr'><strong>culpam,</strong></span> <span class='ocrx_word' id='word_1_48' title='bbox 423 1004 533 1065; x_wconf 88' lang='lat' dir='ltr'><strong>silentii</strong></span> <span class='ocrx_word' id='word_1_49' title='bbox 560 1012 668 1080; x_wconf 88' lang='lat' dir='ltr'><strong>tamen,</strong></span> <span class='ocrx_word' id='word_1_50' title='bbox 695 1024 752 1063; x_wconf 89' lang='lat' dir='ltr'><strong>non</strong></span> <span class='ocrx_word' id='word_1_51' title='bbox 779 1005 850 1064; x_wconf 79' lang='lat' dir='ltr'><strong>faeti</strong></span> <span class='ocrx_word' id='word_1_52' title='bbox 874 1004 973 1077; x_wconf 91' lang='lat' dir='ltr'><strong>ullius,</strong></span> <span class='ocrx_word' id='word_1_53' title='bbox 994 1005 1196 1081; x_wconf 86' lang='lat' dir='ltr'><strong>intueretur.¹’</strong></span> 
     </span>
    </p>
   </div>
   <div class='ocr_carea' id='block_1_3' title="bbox 169 1099 1287 1177">
    <p class='ocr_par' dir='ltr' id='par_1_3' title="bbox 169 1099 1287 1177">
     <span class='ocr_line' id='line_1_8' title="bbox 169 1099 1287 1177; baseline -0.004 -18"><span class='ocrx_word' id='word_1_54' title='bbox 169 1100 259 1161; x_wconf 86' lang='lat' dir='ltr'><strong>Haud</strong></span> <span class='ocrx_word' id='word_1_55' title='bbox 282 1101 370 1160; x_wconf 76' lang='lat' dir='ltr'><strong>facile</strong></span> <span class='ocrx_word' id='word_1_56' title='bbox 398 1100 533 1177; x_wconf 79' lang='lat' dir='ltr'>dixerim,</span> <span class='ocrx_word' id='word_1_57' title='bbox 561 1099 755 1159; x_wconf 85' lang='lat' dir='ltr'><strong>credideritne</strong></span> <span class='ocrx_word' id='word_1_58' title='bbox 781 1106 809 1159; x_wconf 89' lang='lat' dir='ltr'><strong>ei</strong></span> <span class='ocrx_word' id='word_1_59' title='bbox 837 1100 913 1175; x_wconf 85' lang='lat' dir='ltr'>Rex,</span> <span class='ocrx_word' id='word_1_60' title='bbox 941 1120 978 1160; x_wconf 89' lang='lat' dir='ltr'><strong>au</strong></span> <span class='ocrx_word' id='word_1_61' title='bbox 998 1100 1092 1159; x_wconf 80' lang='lat' dir='ltr'><strong>eltirls</strong></span> <span class='ocrx_word' id='word_1_62' title='bbox 1113 1102 1195 1159; x_wconf 81' lang='lat' dir='ltr'><strong>irem</strong></span> <span class='ocrx_word' id='word_1_63' title='bbox 1286 1120 1287 1155; x_wconf 42' lang='grc' dir='ltr'>ξ</span> 
     </span>
    </p>
   </div>
   <div class='ocr_carea' id='block_1_4' title="bbox 164 1196 1195 2228">
    <p class='ocr_par' dir='ltr' id='par_1_4' title="bbox 165 1196 1195 1447">
     <span class='ocr_line' id='line_1_9' title="bbox 166 1196 1193 1277; baseline -0.001 -23"><span class='ocrx_word' id='word_1_64' title='bbox 166 1196 371 1275; x_wconf 66' lang='lat' dir='ltr'><strong>suppresserit.</strong></span> <span class='ocrx_word' id='word_1_65' title='bbox 422 1196 564 1255; x_wconf 75' lang='lat' dir='ltr'><strong>Dextram</strong></span> <span class='ocrx_word' id='word_1_66' title='bbox 586 1196 780 1257; x_wconf 74' lang='lat' dir='ltr'><strong>reconciliate</strong></span> <span class='ocrx_word' id='word_1_67' title='bbox 802 1197 906 1277; x_wconf 78' lang='lat' dir='ltr'><strong>gratim</strong></span> <span class='ocrx_word' id='word_1_68' title='bbox 927 1197 1032 1275; x_wconf 79' lang='lat' dir='ltr'><strong>pignus</strong></span> <span class='ocrx_word' id='word_1_69' title='bbox 1055 1196 1193 1271; x_wconf 87' lang='lat' dir='ltr'><strong>obtulit;</strong></span> 
     </span>
     <span class='ocr_line' id='line_1_10' title="bbox 165 1290 1195 1371; baseline -0.002 -20"><span class='ocrx_word' id='word_1_70' title='bbox 165 1298 205 1353; x_wconf 83' lang='lat' dir='ltr'><strong>et</strong></span> <span class='ocrx_word' id='word_1_71' title='bbox 218 1299 416 1370; x_wconf 89' lang='lat' dir='ltr'><strong>contemptum</strong></span> <span class='ocrx_word' id='word_1_72' title='bbox 440 1292 533 1370; x_wconf 76' lang='lat' dir='ltr'><strong>magis</strong></span> <span class='ocrx_word' id='word_1_73' title='bbox 556 1293 645 1371; x_wconf 75' lang='lat' dir='ltr'><strong>quem</strong></span> <span class='ocrx_word' id='word_1_74' title='bbox 670 1291 795 1351; x_wconf 87' lang='lat' dir='ltr'><strong>celatum</strong></span> <span class='ocrx_word' id='word_1_75' title='bbox 819 1290 959 1351; x_wconf 89' lang='lat' dir='ltr'><strong>indicium</strong></span> <span class='ocrx_word' id='word_1_76' title='bbox 986 1310 1060 1365; x_wconf 82' lang='lat' dir='ltr'><strong>esse,</strong></span> <span class='ocrx_word' id='word_1_77' title='bbox 1087 1291 1195 1351; x_wconf 79' lang='lat' dir='ltr'><strong>videri</strong></span> 
     </span>
     <span class='ocr_line' id='line_1_11' title="bbox 165 1386 321 1447; baseline 0 -2"><span class='ocrx_word' id='word_1_78' title='bbox 165 1386 223 1446; x_wconf 90' lang='lat' dir='ltr'><strong>sibi</strong></span> <span class='ocrx_word' id='word_1_79' title='bbox 236 1386 321 1447; x_wconf 85' lang='lat' dir='ltr'><strong>dixit.</strong></span> 
     </span>
    </p>

    <p class='ocr_par' dir='ltr' id='par_1_5' title="bbox 164 1481 1193 2228">
     <span class='ocr_line' id='line_1_12' title="bbox 226 1481 1193 1559; baseline 0.001 -19"><span class='ocrx_word' id='word_1_80' title='bbox 226 1481 322 1541; x_wconf 91' lang='lat' dir='ltr'><strong>VIII.</strong></span> <span class='ocrx_word' id='word_1_81' title='bbox 344 1485 390 1541; x_wconf 74' lang='lat'><strong>23.</strong></span> <span class='ocrx_word' id='word_1_82' title='bbox 413 1482 567 1541; x_wconf 79' lang='lat' dir='ltr'><strong>Advocato</strong></span> <span class='ocrx_word' id='word_1_83' title='bbox 590 1489 689 1541; x_wconf 59' lang='lat' dir='ltr'><strong>umen</strong></span> <span class='ocrx_word' id='word_1_84' title='bbox 713 1482 835 1542; x_wconf 88' lang='lat' dir='ltr'><strong>coneilio</strong></span> <span class='ocrx_word' id='word_1_85' title='bbox 860 1482 1026 1559; x_wconf 78' lang='lat' dir='ltr'><strong>amicorum,</strong></span> <span class='ocrx_word' id='word_1_86' title='bbox 1046 1481 1094 1541; x_wconf 90' lang='lat' dir='ltr'><strong>oui</strong></span> <span class='ocrx_word' id='word_1_87' title='bbox 1120 1490 1193 1541; x_wconf 86' lang='lat' dir='ltr'><strong>tum</strong></span> 
     </span>
     <span class='ocr_line' id='line_1_13' title="bbox 167 1575 1192 1654; baseline 0.002 -19"><span class='ocrx_word' id='word_1_88' title='bbox 167 1575 301 1635; x_wconf 76' lang='lat' dir='ltr'><strong>Philome</strong></span> <span class='ocrx_word' id='word_1_89' title='bbox 322 1576 473 1636; x_wconf 83' lang='lat' dir='ltr'><strong>adhibitus</strong></span> <span class='ocrx_word' id='word_1_90' title='bbox 485 1596 544 1635; x_wconf 91' lang='lat' dir='ltr'><strong>uon</strong></span> <span class='ocrx_word' id='word_1_91' title='bbox 558 1584 612 1651; x_wconf 88' lang='lat' dir='ltr'><strong>est,</strong></span> <span class='ocrx_word' id='word_1_92' title='bbox 628 1576 839 1637; x_wconf 72' lang='lat' dir='ltr'><strong>Nicomachum</strong></span> <span class='ocrx_word' id='word_1_93' title='bbox 853 1577 999 1636; x_wconf 73' lang='lat' dir='ltr'><strong>introduci</strong></span> <span class='ocrx_word' id='word_1_94' title='bbox 1010 1576 1104 1654; x_wconf 83' lang='lat' dir='ltr'><strong>jubet.</strong></span> <span class='ocrx_word' id='word_1_95' title='bbox 1154 1578 1192 1637; x_wconf 90' lang='lat' dir='ltr'><strong>Is</strong></span> 
     </span>
     <span class='ocr_line' id='line_1_14' title="bbox 165 1671 1192 1752; baseline 0.002 -22"><span class='ocrx_word' id='word_1_96' title='bbox 165 1672 265 1730; x_wconf 84' lang='lat' dir='ltr'><strong>eedem</strong></span> <span class='ocrx_word' id='word_1_97' title='bbox 288 1692 354 1752; x_wconf 86' lang='lat' dir='ltr'><strong>qeee</strong></span> <span class='ocrx_word' id='word_1_98' title='bbox 378 1671 522 1732; x_wconf 86' lang='lat' dir='ltr'><strong>detulerat</strong></span> <span class='ocrx_word' id='word_1_99' title='bbox 545 1671 582 1730; x_wconf 82' lang='lat' dir='ltr'><strong>sd</strong></span> <span class='ocrx_word' id='word_1_100' title='bbox 610 1672 732 1752; x_wconf 84' lang='lat' dir='ltr'>Regem,</span> <span class='ocrx_word' id='word_1_101' title='bbox 760 1672 862 1731; x_wconf 84' lang='lat' dir='ltr'><strong>ordine</strong></span> <span class='ocrx_word' id='word_1_102' title='bbox 889 1672 1033 1750; x_wconf 86' lang='lat' dir='ltr'><strong>exposuit.</strong></span> <span class='ocrx_word' id='word_1_103' title='bbox 1086 1673 1192 1733; x_wconf 64' lang='lat' dir='ltr'><strong>‘Erat</strong></span> 
     </span>
     <span class='ocr_line' id='line_1_15' title="bbox 166 1766 1188 1846; baseline 0 -18"><span class='ocrx_word' id='word_1_104' title='bbox 166 1766 306 1829; x_wconf 77' lang='lat' dir='ltr'><strong>Gruterus</strong></span> <span class='ocrx_word' id='word_1_105' title='bbox 330 1768 408 1845; x_wconf 84' lang='lat' dir='ltr'><strong>Regi</strong></span> <span class='ocrx_word' id='word_1_106' title='bbox 432 1787 517 1826; x_wconf 82' lang='lat' dir='ltr'><strong>corus</strong></span> <span class='ocrx_word' id='word_1_107' title='bbox 536 1768 567 1827; x_wconf 92' lang='lat' dir='ltr'><strong>in</strong></span> <span class='ocrx_word' id='word_1_108' title='bbox 591 1768 700 1846; x_wconf 86' lang='lat' dir='ltr'><strong>paucis,</strong></span> <span class='ocrx_word' id='word_1_109' title='bbox 715 1775 746 1827; x_wconf 92' lang='lat' dir='ltr'><strong>et</strong></span> <span class='ocrx_word' id='word_1_110' title='bbox 760 1769 794 1827; x_wconf 84' lang='lat' dir='ltr'><strong>ed</strong></span> <span class='ocrx_word' id='word_1_111' title='bbox 810 1768 948 1841; x_wconf 75' lang='lat' dir='ltr'><strong>Philotae,</strong></span> <span class='ocrx_word' id='word_1_112' title='bbox 963 1767 1001 1827; x_wconf 90' lang='lat' dir='ltr'><strong>ob</strong></span> <span class='ocrx_word' id='word_1_113' title='bbox 1021 1768 1188 1829; x_wconf 67' lang='lat' dir='ltr'><strong>emulatio</strong></span> 
     </span>
     <span class='ocr_line' id='line_1_16' title="bbox 164 1863 1189 1944; baseline 0 -21"><span class='ocrx_word' id='word_1_114' title='bbox 164 1883 231 1923; x_wconf 89' lang='lat' dir='ltr'><strong>nem</strong></span> <span class='ocrx_word' id='word_1_115' title='bbox 244 1864 406 1944; x_wconf 74' lang='lat' dir='ltr'><strong>dignitetis,</strong></span> <span class='ocrx_word' id='word_1_116' title='bbox 420 1863 568 1923; x_wconf 72' lang='lat' dir='ltr'><strong>adversus.</strong></span> <span class='ocrx_word' id='word_1_117' title='bbox 611 1863 713 1943; x_wconf 81' lang='lat' dir='ltr'>Neque</span> <span class='ocrx_word' id='word_1_118' title='bbox 736 1864 898 1942; x_wconf 76' lang='lat' dir='ltr'><strong>ignorabat,</strong></span> <span class='ocrx_word' id='word_1_119' title='bbox 920 1882 996 1941; x_wconf 83' lang='lat' dir='ltr'><strong>ssepe</strong></span> <span class='ocrx_word' id='word_1_120' title='bbox 1015 1863 1189 1923; x_wconf 82' lang='lat' dir='ltr'><strong>Alexandri</strong></span> 
     </span>
     <span class='ocr_line' id='line_1_17' title="bbox 164 1958 1186 2037; baseline -0.001 -18"><span class='ocrx_word' id='word_1_121' title='bbox 164 1959 285 2020; x_wconf 81' lang='lat' dir='ltr'><strong>auribus</strong></span> <span class='ocrx_word' id='word_1_122' title='bbox 297 1958 388 2018; x_wconf 83' lang='lat' dir='ltr'><strong>nimit</strong></span> <span class='ocrx_word' id='word_1_123' title='bbox 409 1958 571 2036; x_wconf 85' lang='lat' dir='ltr'><strong>jactatione</strong></span> <span class='ocrx_word' id='word_1_124' title='bbox 583 1958 705 2018; x_wconf 84' lang='lat' dir='ltr'><strong>virtutis</strong></span> <span class='ocrx_word' id='word_1_125' title='bbox 729 1966 816 2037; x_wconf 84' lang='lat' dir='ltr'><strong>atque</strong></span> <span class='ocrx_word' id='word_1_126' title='bbox 831 1978 926 2036; x_wconf 85' lang='lat' dir='ltr'><strong>operes</strong></span> <span class='ocrx_word' id='word_1_127' title='bbox 948 1978 1066 2036; x_wconf 81' lang='lat' dir='ltr'><strong>gravem</strong></span> <span class='ocrx_word' id='word_1_128' title='bbox 1080 1960 1186 2035; x_wconf 87' lang='lat' dir='ltr'><strong>fuisse,</strong></span> 
     </span>
     <span class='ocr_line' id='line_1_18' title="bbox 165 2052 1187 2133; baseline -0.001 -19"><span class='ocrx_word' id='word_1_129' title='bbox 165 2062 196 2114; x_wconf 82' lang='lat' dir='ltr'><strong>et</strong></span> <span class='ocrx_word' id='word_1_130' title='bbox 209 2054 247 2115; x_wconf 88' lang='lat' dir='ltr'><strong>eb</strong></span> <span class='ocrx_word' id='word_1_131' title='bbox 260 2075 296 2114; x_wconf 90' lang='lat' dir='ltr'><strong>ee</strong></span> <span class='ocrx_word' id='word_1_132' title='bbox 308 2074 367 2113; x_wconf 90' lang='lat' dir='ltr'><strong>nen</strong></span> <span class='ocrx_word' id='word_1_133' title='bbox 380 2053 498 2133; x_wconf 88' lang='lat' dir='ltr'><strong>quidem</strong></span> <span class='ocrx_word' id='word_1_134' title='bbox 511 2052 630 2112; x_wconf 86' lang='lat' dir='ltr'><strong>sceleris</strong></span> <span class='ocrx_word' id='word_1_135' title='bbox 652 2054 704 2113; x_wconf 86' lang='lat' dir='ltr'><strong>sed</strong></span> <span class='ocrx_word' id='word_1_136' title='bbox 718 2054 728 2083; x_wconf 82' lang='lat'><strong>¹</strong></span> <span class='ocrx_word' id='word_1_137' title='bbox 740 2055 929 2113; x_wconf 83' lang='lat' dir='ltr'><strong>contumacius</strong></span> <span class='ocrx_word' id='word_1_138' title='bbox 948 2060 1045 2112; x_wconf 72' lang='lat' dir='ltr'><strong>mmen</strong></span> <span class='ocrx_word' id='word_1_139' title='bbox 1067 2074 1187 2133; x_wconf 86' lang='lat' dir='ltr'><strong>suspec-</strong></span> 
     </span>
     <span class='ocr_line' id='line_1_19' title="bbox 164 2149 1186 2228; baseline 0.001 -19"><span class='ocrx_word' id='word_1_140' title='bbox 164 2157 236 2211; x_wconf 86' lang='lat' dir='ltr'><strong>tum</strong></span> <span class='ocrx_word' id='word_1_141' title='bbox 292 2150 362 2210; x_wconf 90' lang='lat' dir='ltr'><strong>Non</strong></span> <span class='ocrx_word' id='word_1_142' title='bbox 388 2149 476 2209; x_wconf 83' lang='lat' dir='ltr'><strong>aliam</strong></span> <span class='ocrx_word' id='word_1_143' title='bbox 508 2150 659 2228; x_wconf 90' lang='lat' dir='ltr'><strong>premendi</strong></span> <span class='ocrx_word' id='word_1_144' title='bbox 691 2149 801 2209; x_wconf 88' lang='lat' dir='ltr'><strong>inimici</strong></span> <span class='ocrx_word' id='word_1_145' title='bbox 828 2150 1005 2209; x_wconf 86' lang='lat' dir='ltr'><strong>occasionem</strong></span> <span class='ocrx_word' id='word_1_146' title='bbox 1038 2151 1186 2228; x_wconf 87' lang='lat' dir='ltr'><strong>aptiorem</strong></span> 
     </span>
    </p>
   </div>
   <div class='ocr_carea' id='block_1_5' title="bbox 165 2239 1287 2324">
    <p class='ocr_par' dir='ltr' id='par_1_6' title="bbox 165 2239 1287 2324">
     <span class='ocr_line' id='line_1_20' title="bbox 165 2239 1287 2324; baseline 0.001 -19"><span class='ocrx_word' id='word_1_147' title='bbox 165 2247 296 2306; x_wconf 83' lang='lat' dir='ltr'><strong>futuram</strong></span> <span class='ocrx_word' id='word_1_148' title='bbox 318 2253 408 2320; x_wconf 85' lang='lat' dir='ltr'><strong>retus,</strong></span> <span class='ocrx_word' id='word_1_149' title='bbox 430 2244 519 2304; x_wconf 81' lang='lat' dir='ltr'><strong>’odio</strong></span> <span class='ocrx_word' id='word_1_150' title='bbox 533 2265 585 2305; x_wconf 91' lang='lat' dir='ltr'><strong>suo</strong></span> <span class='ocrx_word' id='word_1_151' title='bbox 598 2247 718 2324; x_wconf 84' lang='lat' dir='ltr'><strong>pietatis</strong></span> <span class='ocrx_word' id='word_1_152' title='bbox 740 2247 898 2324; x_wconf 73' lang='lat' dir='ltr'><strong>praeferens</strong></span> <span class='ocrx_word' id='word_1_153' title='bbox 921 2247 1065 2324; x_wconf 86' lang='lat' dir='ltr'><strong>speciem:</strong></span> <span class='ocrx_word' id='word_1_154' title='bbox 1082 2251 1105 2301; x_wconf 91' lang='lat'><strong>.“</strong></span> <span class='ocrx_word' id='word_1_155' title='bbox 1117 2247 1186 2308; x_wconf 89' lang='lat' dir='ltr'><strong>Uti·</strong></span> <span class='ocrx_word' id='word_1_156' title='bbox 1286 2239 1287 2242; x_wconf 26' lang='lat'>¹</span> 
     </span>
    </p>
   </div>
   <div class='ocr_carea' id='block_1_6' title="bbox 133 2341 1186 3087">
    <p class='ocr_par' dir='ltr' id='par_1_7' title="bbox 133 2341 1186 3087">
     <span class='ocr_line' id='line_1_21' title="bbox 164 2341 1185 2421; baseline 0 -20"><span class='ocrx_word' id='word_1_157' title='bbox 164 2342 260 2414; x_wconf 79' lang='lat' dir='ltr'><strong>nem,”</strong></span> <span class='ocrx_word' id='word_1_158' title='bbox 273 2341 377 2420; x_wconf 87' lang='lat' dir='ltr'><strong>inquit,</strong></span> <span class='ocrx_word' id='word_1_159' title='bbox 392 2345 410 2374; x_wconf 85' lang='lat'>“</span> <span class='ocrx_word' id='word_1_160' title='bbox 422 2341 452 2398; x_wconf 94' lang='lat' dir='ltr'><strong>in</strong></span> <span class='ocrx_word' id='word_1_161' title='bbox 476 2341 621 2419; x_wconf 90' lang='lat' dir='ltr'><strong>principio</strong></span> <span class='ocrx_word' id='word_1_162' title='bbox 634 2341 767 2421; x_wconf 81' lang='lat' dir='ltr'><strong>‘quoque</strong></span> <span class='ocrx_word' id='word_1_163' title='bbox 789 2341 878 2418; x_wconf 89' lang='lat' dir='ltr'><strong>hujus</strong></span> <span class='ocrx_word' id='word_1_164' title='bbox 891 2342 934 2402; x_wconf 88' lang='lat' dir='ltr'><strong>rei</strong></span> <span class='ocrx_word' id='word_1_165' title='bbox 948 2342 1099 2401; x_wconf 90' lang='lat' dir='ltr'><strong>nobiseum</strong></span> <span class='ocrx_word' id='word_1_166' title='bbox 1112 2341 1185 2402; x_wconf 87' lang='lat' dir='ltr'><strong>deli-</strong></span> 
     </span>
     <span class='ocr_line' id='line_1_22' title="bbox 164 2436 1185 2515; baseline 0.002 -19"><span class='ocrx_word' id='word_1_167' title='bbox 164 2437 315 2497; x_wconf 82' lang='lat' dir='ltr'><strong>bertsses:</strong></span> <span class='ocrx_word' id='word_1_168' title='bbox 337 2436 535 2513; x_wconf 78' lang='lat' dir='ltr'><strong>cessissemus,</strong></span> <span class='ocrx_word' id='word_1_169' title='bbox 550 2437 575 2495; x_wconf 91' lang='lat' dir='ltr'><strong>si</strong></span> <span class='ocrx_word' id='word_1_170' title='bbox 598 2436 727 2496; x_wconf 86' lang='lat' dir='ltr'><strong>Philotae</strong></span> <span class='ocrx_word' id='word_1_171' title='bbox 740 2436 832 2496; x_wconf 85' lang='lat' dir='ltr'><strong>velles</strong></span> <span class='ocrx_word' id='word_1_172' title='bbox 854 2437 1013 2514; x_wconf 82' lang='lat' dir='ltr'><strong>ignoscere,</strong></span> <span class='ocrx_word' id='word_1_173' title='bbox 1036 2439 1185 2515; x_wconf 84' lang='lat' dir='ltr'><strong>patereris</strong></span> 
     </span>
     <span class='ocr_line' id='line_1_23' title="bbox 165 2529 1186 2612; baseline 0.004 -24"><span class='ocrx_word' id='word_1_174' title='bbox 165 2530 265 2610; x_wconf 77' lang='lat' dir='ltr'><strong>potiris</strong></span> <span class='ocrx_word' id='word_1_175' title='bbox 286 2531 418 2610; x_wconf 80' lang='lat' dir='ltr'><strong>ignorare</strong></span> <span class='ocrx_word' id='word_1_176' title='bbox 439 2551 515 2605; x_wconf 91' lang='lat' dir='ltr'><strong>enm,</strong></span> <span class='ocrx_word' id='word_1_177' title='bbox 529 2539 668 2610; x_wconf 74' lang='lat' dir='ltr'><strong>qnantum</strong></span> <span class='ocrx_word' id='word_1_178' title='bbox 689 2529 808 2592; x_wconf 85' lang='lat' dir='ltr'><strong>deberet</strong></span> <span class='ocrx_word' id='word_1_179' title='bbox 830 2531 895 2606; x_wconf 88' lang='lat' dir='ltr'><strong>tibi,</strong></span> <span class='ocrx_word' id='word_1_180' title='bbox 919 2535 1007 2610; x_wconf 74' lang='lat' dir='ltr'><strong>quem</strong></span> <span class='ocrx_word' id='word_1_181' title='bbox 1029 2551 1121 2612; x_wconf 87' lang='lat' dir='ltr'><strong>usque</strong></span> <span class='ocrx_word' id='word_1_182' title='bbox 1145 2533 1186 2592; x_wconf 82' lang='lat' dir='ltr'><strong>ed</strong></span> 
     </span>
     <span class='ocr_line' id='line_1_24' title="bbox 133 2625 1184 2707; baseline 0.001 -21"><span class='ocrx_word' id='word_1_183' title='bbox 133 2689 137 2696; x_wconf 73' lang='grc'>,</span> <span class='ocrx_word' id='word_1_184' title='bbox 164 2626 268 2686; x_wconf 89' lang='lat' dir='ltr'><strong>mortis</strong></span> <span class='ocrx_word' id='word_1_185' title='bbox 280 2633 390 2686; x_wconf 89' lang='lat' dir='ltr'><strong>metum</strong></span> <span class='ocrx_word' id='word_1_186' title='bbox 404 2625 569 2702; x_wconf 71' lang='lat' dir='ltr'><strong>adductum,</strong></span> <span class='ocrx_word' id='word_1_187' title='bbox 583 2645 699 2706; x_wconf 77' lang='lat' dir='ltr'><strong>cogeres</strong></span> <span class='ocrx_word' id='word_1_188' title='bbox 712 2627 809 2706; x_wconf 79' lang='lat' dir='ltr'><strong>potius</strong></span> <span class='ocrx_word' id='word_1_189' title='bbox 823 2626 858 2685; x_wconf 90' lang='lat' dir='ltr'><strong>de</strong></span> <span class='ocrx_word' id='word_1_190' title='bbox 871 2627 1000 2705; x_wconf 92' lang='lat' dir='ltr'><strong>periculo</strong></span> <span class='ocrx_word' id='word_1_191' title='bbox 1015 2647 1076 2703; x_wconf 89' lang='lat' dir='ltr'><strong>suo,</strong></span> <span class='ocrx_word' id='word_1_192' title='bbox 1091 2631 1184 2707; x_wconf 72' lang='lat' dir='ltr'><strong>quem</strong></span> 
     </span>
     <span class='ocr_line' id='line_1_25' title="bbox 164 2721 1185 2803; baseline -0.002 -20"><span class='ocrx_word' id='word_1_193' title='bbox 164 2723 202 2784; x_wconf 88' lang='lat' dir='ltr'><strong>de</strong></span> <span class='ocrx_word' id='word_1_194' title='bbox 224 2729 276 2782; x_wconf 91' lang='lat' dir='ltr'><strong>tue</strong></span> <span class='ocrx_word' id='word_1_195' title='bbox 291 2722 425 2803; x_wconf 37' lang='lat' dir='ltr'><strong>,cogitare</strong></span> <span class='ocrx_word' id='word_1_196' title='bbox 437 2722 583 2783; x_wconf 83' lang='lat' dir='ltr'><strong>beneficio.</strong></span> <span class='ocrx_word' id='word_1_197' title='bbox 625 2721 684 2782; x_wconf 86' lang='lat' dir='ltr'><strong>Ille</strong></span> <span class='ocrx_word' id='word_1_198' title='bbox 698 2723 773 2782; x_wconf 88' lang='lat' dir='ltr'><strong>enim</strong></span> <span class='ocrx_word' id='word_1_199' title='bbox 787 2742 899 2801; x_wconf 89' lang='lat' dir='ltr'><strong>semper</strong></span> <span class='ocrx_word' id='word_1_200' title='bbox 918 2722 1053 2782; x_wconf 88' lang='lat' dir='ltr'><strong>insidiari</strong></span> <span class='ocrx_word' id='word_1_201' title='bbox 1065 2724 1122 2784; x_wconf 90' lang='lat' dir='ltr'><strong>tibi</strong></span> <span class='ocrx_word' id='word_1_202' title='bbox 1133 2743 1185 2802; x_wconf 88' lang='lat' dir='ltr'><strong>po·</strong></span> 
     </span>
     <span class='ocr_line' id='line_1_26' title="bbox 165 2817 1184 2898; baseline -0.003 -19"><span class='ocrx_word' id='word_1_203' title='bbox 165 2820 254 2879; x_wconf 87' lang='lat' dir='ltr'><strong>terit:</strong></span> <span class='ocrx_word' id='word_1_204' title='bbox 275 2826 308 2878; x_wconf 89' lang='lat' dir='ltr'><strong>tu</strong></span> <span class='ocrx_word' id='word_1_205' title='bbox 328 2838 387 2877; x_wconf 92' lang='lat' dir='ltr'><strong>non</strong></span> <span class='ocrx_word' id='word_1_206' title='bbox 407 2837 518 2896; x_wconf 81' lang='lat' dir='ltr'><strong>semper</strong></span> <span class='ocrx_word' id='word_1_207' title='bbox 539 2817 667 2878; x_wconf 72' lang='lat' dir='ltr'><strong>Philotos</strong></span> <span class='ocrx_word' id='word_1_208' title='bbox 679 2818 786 2896; x_wconf 89' lang='lat' dir='ltr'><strong>poteris</strong></span> <span class='ocrx_word' id='word_1_209' title='bbox 807 2818 962 2898; x_wconf 79' lang='lat' dir='ltr'><strong>ignoscere.</strong></span> <span class='ocrx_word' id='word_1_210' title='bbox 1024 2817 1108 2877; x_wconf 71' lang='lat' dir='ltr'><strong>‘Nee</strong></span> <span class='ocrx_word' id='word_1_211' title='bbox 1128 2826 1184 2895; x_wconf 90' lang='lat' dir='ltr'><strong>est,</strong></span> 
     </span>
     <span class='ocr_line' id='line_1_27' title="bbox 164 2913 1185 2995; baseline 0 -21"><span class='ocrx_word' id='word_1_212' title='bbox 164 2914 241 2995; x_wconf 79' lang='lat' dir='ltr'><strong>qnod</strong></span> <span class='ocrx_word' id='word_1_213' title='bbox 253 2914 409 2989; x_wconf 82' lang='lat' dir='ltr'><strong>existimes,</strong></span> <span class='ocrx_word' id='word_1_214' title='bbox 424 2933 489 2973; x_wconf 90' lang='lat' dir='ltr'><strong>eum</strong></span> <span class='ocrx_word' id='word_1_215' title='bbox 503 2913 552 2992; x_wconf 91' lang='lat' dir='ltr'><strong>qui</strong></span> <span class='ocrx_word' id='word_1_216' title='bbox 566 2919 682 2972; x_wconf 85' lang='lat' dir='ltr'><strong>tantum</strong></span> <span class='ocrx_word' id='word_1_217' title='bbox 694 2913 807 2974; x_wconf 80' lang='lat' dir='ltr'><strong>facinus</strong></span> <span class='ocrx_word' id='word_1_218' title='bbox 821 2933 909 2973; x_wconf 83' lang='lat' dir='ltr'><strong>ausus</strong></span> <span class='ocrx_word' id='word_1_219' title='bbox 922 2921 976 2990; x_wconf 90' lang='lat' dir='ltr'><strong>est,</strong></span> <span class='ocrx_word' id='word_1_220' title='bbox 990 2913 1077 2973; x_wconf 71' lang='lat' dir='ltr'><strong>venit</strong></span> <span class='ocrx_word' id='word_1_221' title='bbox 1098 2933 1185 2992; x_wconf 88' lang='lat' dir='ltr'><strong>posse</strong></span> 
     </span>
     <span class='ocr_line' id='line_1_28' title="bbox 164 3008 1184 3087; baseline -0.001 -17"><span class='ocrx_word' id='word_1_222' title='bbox 164 3011 279 3070; x_wconf 88' lang='lat' dir='ltr'><strong>mutari.</strong></span> <span class='ocrx_word' id='word_1_223' title='bbox 322 3009 384 3071; x_wconf 81' lang='lat' dir='ltr'><strong>Scit</strong></span> <span class='ocrx_word' id='word_1_224' title='bbox 397 3027 454 3083; x_wconf 90' lang='lat' dir='ltr'><strong>eos,</strong></span> <span class='ocrx_word' id='word_1_225' title='bbox 468 3009 519 3087; x_wconf 91' lang='lat' dir='ltr'><strong>qui</strong></span> <span class='ocrx_word' id='word_1_226' title='bbox 532 3008 777 3068; x_wconf 80' lang='lat' dir='ltr'><strong>‘misericerdiam</strong></span> <span class='ocrx_word' id='word_1_227' title='bbox 797 3015 1042 3086; x_wconf 87' lang='lat' dir='ltr'><strong>consumpserunt,</strong></span> <span class='ocrx_word' id='word_1_228' title='bbox 1055 3011 1184 3087; x_wconf 76' lang='lat' dir='ltr'><strong>emplius</strong></span> 
     </span>
    </p>
   </div>
   <div class='ocr_carea' id='block_1_7' title="bbox 60 3091 1185 3184">
    <p class='ocr_par' dir='ltr' id='par_1_8' title="bbox 60 3091 1185 3184">
     <span class='ocr_line' id='line_1_29' title="bbox 60 3091 1185 3184; baseline 0.001 -21"><span class='ocrx_word' id='word_1_229' title='bbox 60 3091 69 3108; x_wconf 80' lang='grc'><em>’</em></span> <span class='ocrx_word' id='word_1_230' title='bbox 165 3123 282 3184; x_wconf 84' lang='lat' dir='ltr'><strong>sperare</strong></span> <span class='ocrx_word' id='word_1_231' title='bbox 293 3122 352 3164; x_wconf 87' lang='lat' dir='ltr'><strong>non</strong></span> <span class='ocrx_word' id='word_1_232' title='bbox 364 3121 454 3182; x_wconf 92' lang='lat' dir='ltr'><strong>posse.</strong></span> <span class='ocrx_word' id='word_1_233' title='bbox 516 3103 560 3162; x_wconf 89' lang='lat' dir='ltr'><strong>At</strong></span> <span class='ocrx_word' id='word_1_234' title='bbox 573 3123 635 3183; x_wconf 81' lang='lat' dir='ltr'><strong>ego,</strong></span> <span class='ocrx_word' id='word_1_235' title='bbox 650 3103 737 3164; x_wconf 88' lang='lat' dir='ltr'><strong>etiam</strong></span> <span class='ocrx_word' id='word_1_236' title='bbox 751 3103 776 3164; x_wconf 88' lang='lat' dir='ltr'><strong>si</strong></span> <span class='ocrx_word' id='word_1_237' title='bbox 797 3103 867 3182; x_wconf 85' lang='lat' dir='ltr'><strong>ipsc,</strong></span> <span class='ocrx_word' id='word_1_238' title='bbox 882 3104 928 3163; x_wconf 85' lang='lat' dir='ltr'><strong>vel</strong></span> <span class='ocrx_word' id='word_1_239' title='bbox 940 3105 1121 3182; x_wconf 70' lang='lat' dir='ltr'><strong>penitentis,</strong></span> <span class='ocrx_word' id='word_1_240' title='bbox 1135 3105 1185 3166; x_wconf 84' lang='lat' dir='ltr'><strong>vel</strong></span> 
     </span>
    </p>
   </div>
   <div class='ocr_carea' id='block_1_8' title="bbox 164 3198 1240 3849">
    <p class='ocr_par' dir='ltr' id='par_1_9' title="bbox 164 3198 1240 3849">
     <span class='ocr_line' id='line_1_30' title="bbox 164 3198 1183 3279; baseline -0.003 -18"><span class='ocrx_word' id='word_1_241' title='bbox 164 3200 299 3261; x_wconf 83' lang='lat' dir='ltr'><strong>beneficio</strong></span> <span class='ocrx_word' id='word_1_242' title='bbox 310 3207 361 3258; x_wconf 91' lang='lat' dir='ltr'><strong>tuo</strong></span> <span class='ocrx_word' id='word_1_243' title='bbox 375 3198 479 3272; x_wconf 86' lang='lat' dir='ltr'><strong>victus,</strong></span> <span class='ocrx_word' id='word_1_244' title='bbox 493 3199 640 3279; x_wconf 85' lang='lat' dir='ltr'><strong>quiescere</strong></span> <span class='ocrx_word' id='word_1_245' title='bbox 653 3199 741 3275; x_wconf 86' lang='lat' dir='ltr'><strong>volet,</strong></span> <span class='ocrx_word' id='word_1_246' title='bbox 755 3205 867 3278; x_wconf 86' lang='lat' dir='ltr'><strong>patrem</strong></span> <span class='ocrx_word' id='word_1_247' title='bbox 879 3202 942 3277; x_wconf 84' lang='lat' dir='ltr'><strong>ejus</strong></span> <span class='ocrx_word' id='word_1_248' title='bbox 953 3201 1183 3277; x_wconf 83' lang='lat' dir='ltr'><strong>Parmenionem,</strong></span> 
     </span>
     <span class='ocr_line' id='line_1_31' title="bbox 165 3292 1185 3372; baseline 0.001 -18"><span class='ocrx_word' id='word_1_249' title='bbox 165 3295 241 3354; x_wconf 89' lang='lat' dir='ltr'><strong>tanti</strong></span> <span class='ocrx_word' id='word_1_250' title='bbox 253 3294 353 3353; x_wconf 87' lang='lat' dir='ltr'><strong>ducem</strong></span> <span class='ocrx_word' id='word_1_251' title='bbox 367 3293 524 3370; x_wconf 67' lang='lat' dir='ltr'><strong>exercitiis,</strong></span> <span class='ocrx_word' id='word_1_252' title='bbox 538 3301 568 3353; x_wconf 95' lang='lat' dir='ltr'><strong>et</strong></span> <span class='ocrx_word' id='word_1_253' title='bbox 581 3294 760 3354; x_wconf 72' lang='lat' dir='ltr'><strong>&#39;inveterate</strong></span> <span class='ocrx_word' id='word_1_254' title='bbox 774 3292 850 3372; x_wconf 81' lang='lat' dir='ltr'><strong>opud</strong></span> <span class='ocrx_word' id='word_1_255' title='bbox 869 3295 979 3354; x_wconf 88' lang='lat' dir='ltr'><strong>milites</strong></span> <span class='ocrx_word' id='word_1_256' title='bbox 999 3303 1065 3354; x_wconf 91' lang='lat' dir='ltr'><strong>tuos</strong></span> <span class='ocrx_word' id='word_1_257' title='bbox 1086 3303 1185 3355; x_wconf 82' lang='lat' dir='ltr'><strong>sucto-</strong></span> 
     </span>
     <span class='ocr_line' id='line_1_32' title="bbox 164 3388 1183 3468; baseline -0.002 -18"><span class='ocrx_word' id='word_1_258' title='bbox 164 3392 262 3467; x_wconf 86' lang='lat' dir='ltr'><strong>ritete,</strong></span> <span class='ocrx_word' id='word_1_259' title='bbox 276 3389 492 3450; x_wconf 82' lang='lat' dir='ltr'><strong>heudmultdm</strong></span> <span class='ocrx_word' id='word_1_260' title='bbox 505 3389 580 3448; x_wconf 81' lang='lat' dir='ltr'><strong>infra</strong></span> <span class='ocrx_word' id='word_1_261' title='bbox 590 3388 797 3468; x_wconf 76' lang='lat' dir='ltr'><strong>magnitudinis</strong></span> <span class='ocrx_word' id='word_1_262' title='bbox 811 3397 871 3450; x_wconf 83' lang='lat' dir='ltr'><strong>tuse</strong></span> <span class='ocrx_word' id='word_1_263' title='bbox 882 3390 1031 3468; x_wconf 80' lang='lat' dir='ltr'><strong>festigium</strong></span> <span class='ocrx_word' id='word_1_264' title='bbox 1045 3392 1183 3467; x_wconf 91' lang='lat' dir='ltr'><strong>positum,</strong></span> 
     </span>
     <span class='ocr_line' id='line_1_33' title="bbox 166 3483 1184 3565; baseline -0.002 -19"><span class='ocrx_word' id='word_1_265' title='bbox 166 3487 225 3546; x_wconf 92' lang='lat' dir='ltr'><strong>scie</strong></span> <span class='ocrx_word' id='word_1_266' title='bbox 238 3507 295 3546; x_wconf 91' lang='lat' dir='ltr'><strong>non</strong></span> <span class='ocrx_word' id='word_1_267' title='bbox 308 3505 390 3565; x_wconf 84' lang='lat' dir='ltr'><strong>aeqno</strong></span> <span class='ocrx_word' id='word_1_268' title='bbox 405 3484 501 3544; x_wconf 86' lang='lat' dir='ltr'><strong>enimc</strong></span> <span class='ocrx_word' id='word_1_269' title='bbox 514 3484 636 3544; x_wconf 88' lang='lat' dir='ltr'><strong>salutem</strong></span> <span class='ocrx_word' id='word_1_270' title='bbox 649 3483 702 3542; x_wconf 82' lang='lat' dir='ltr'><strong>filii</strong></span> <span class='ocrx_word' id='word_1_271' title='bbox 718 3483 763 3543; x_wconf 88' lang='lat' dir='ltr'><strong>sui</strong></span> <span class='ocrx_word' id='word_1_272' title='bbox 778 3484 944 3545; x_wconf 89' lang='lat' dir='ltr'><strong>debiturum</strong></span> <span class='ocrx_word' id='word_1_273' title='bbox 959 3485 1020 3545; x_wconf 87' lang='lat' dir='ltr'><strong>tibi.</strong></span> <span class='ocrx_word' id='word_1_274' title='bbox 1043 3483 1184 3555; x_wconf 68' lang='lat' dir='ltr'><strong>Quaedam</strong></span> 
     </span>
     <span class='ocr_line' id='line_1_34' title="bbox 166 3578 1183 3658; baseline -0.001 -16"><span class='ocrx_word' id='word_1_275' title='bbox 166 3582 302 3644; x_wconf 87' lang='lat' dir='ltr'><strong>beneficia</strong></span> <span class='ocrx_word' id='word_1_276' title='bbox 316 3581 434 3641; x_wconf 85' lang='lat' dir='ltr'><strong>edimus.</strong></span> <span class='ocrx_word' id='word_1_277' title='bbox 476 3580 618 3639; x_wconf 81' lang='lat' dir='ltr'><strong>Meruisse</strong></span> <span class='ocrx_word' id='word_1_278' title='bbox 637 3586 759 3638; x_wconf 88' lang='lat' dir='ltr'><strong>mortem</strong></span> <span class='ocrx_word' id='word_1_279' title='bbox 779 3580 906 3639; x_wconf 87' lang='lat' dir='ltr'><strong>confiteri</strong></span> <span class='ocrx_word' id='word_1_280' title='bbox 921 3578 1036 3657; x_wconf 74' lang='lat' dir='ltr'><strong>⁸pudet.</strong></span> <span class='ocrx_word' id='word_1_281' title='bbox 1080 3581 1183 3658; x_wconf 84' lang='lat' dir='ltr'><strong>Super·</strong></span> 
     </span>
     <span class='ocr_line' id='line_1_35' title="bbox 167 3674 1240 3754; baseline -0.002 -18"><span class='ocrx_word' id='word_1_282' title='bbox 167 3685 221 3753; x_wconf 89' lang='lat' dir='ltr'><strong>est,</strong></span> <span class='ocrx_word' id='word_1_283' title='bbox 235 3684 269 3736; x_wconf 91' lang='lat' dir='ltr'><strong>nt</strong></span> <span class='ocrx_word' id='word_1_284' title='bbox 281 3677 366 3736; x_wconf 88' lang='lat' dir='ltr'><strong>malit</strong></span> <span class='ocrx_word' id='word_1_285' title='bbox 379 3675 473 3737; x_wconf 85' lang='lat' dir='ltr'><strong>videri</strong></span> <span class='ocrx_word' id='word_1_286' title='bbox 486 3674 623 3751; x_wconf 87' lang='lat' dir='ltr'><strong>injuriam</strong></span> <span class='ocrx_word' id='word_1_287' title='bbox 643 3675 792 3752; x_wconf 86' lang='lat' dir='ltr'><strong>accepisse,</strong></span> <span class='ocrx_word' id='word_1_288' title='bbox 806 3677 891 3754; x_wconf 74' lang='lat' dir='ltr'><strong>quim</strong></span> <span class='ocrx_word' id='word_1_289' title='bbox 911 3675 1009 3736; x_wconf 87' lang='lat' dir='ltr'><strong>vitam.</strong></span> <span class='ocrx_word' id='word_1_290' title='bbox 1051 3675 1182 3734; x_wconf 77' lang='lat' dir='ltr'><strong>Proinde</strong></span> <span class='ocrx_word' id='word_1_291' title='bbox 1238 3700 1240 3705; x_wconf 95' lang='lat'>·</span> 
     </span>
     <span class='ocr_line' id='line_1_36' title="bbox 165 3768 1180 3849; baseline -0.002 -17"><span class='ocrx_word' id='word_1_292' title='bbox 165 3773 249 3848; x_wconf 90' lang='lat' dir='ltr'><strong>scite,</strong></span> <span class='ocrx_word' id='word_1_293' title='bbox 265 3772 320 3833; x_wconf 90' lang='lat' dir='ltr'><strong>tibi</strong></span> <span class='ocrx_word' id='word_1_294' title='bbox 332 3791 399 3830; x_wconf 90' lang='lat' dir='ltr'><strong>cum</strong></span> <span class='ocrx_word' id='word_1_295' title='bbox 412 3770 473 3829; x_wconf 88' lang='lat' dir='ltr'><strong>illis</strong></span> <span class='ocrx_word' id='word_1_296' title='bbox 486 3769 521 3828; x_wconf 91' lang='lat' dir='ltr'><strong>de</strong></span> <span class='ocrx_word' id='word_1_297' title='bbox 534 3768 628 3828; x_wconf 89' lang='lat' dir='ltr'><strong>salute</strong></span> <span class='ocrx_word' id='word_1_298' title='bbox 641 3787 706 3829; x_wconf 87' lang='lat' dir='ltr'><strong>esse</strong></span> <span class='ocrx_word' id='word_1_299' title='bbox 720 3770 911 3849; x_wconf 85' lang='lat' dir='ltr'><strong>pugnandum.</strong></span> <span class='ocrx_word' id='word_1_300' title='bbox 963 3769 1042 3830; x_wconf 79' lang='lat' dir='ltr'><strong>Satis</strong></span> <span class='ocrx_word' id='word_1_301' title='bbox 1055 3771 1180 3830; x_wconf 88' lang='lat' dir='ltr'><strong>hostium</strong></span> 
     </span>
    </p>
   </div>
   <div class='ocr_carea' id='block_1_9' title="bbox 9 3863 1180 3946">
    <p class='ocr_par' dir='ltr' id='par_1_10' title="bbox 9 3863 1180 3946">
     <span class='ocr_line' id='line_1_37' title="bbox 9 3863 1180 3946; baseline -0.001 -19"><span class='ocrx_word' id='word_1_302' title='bbox 9 3876 11 3887; x_wconf 89' lang='lat'>&#39;</span> <span class='ocrx_word' id='word_1_303' title='bbox 106 3905 109 3908; x_wconf 88' lang='lat'>-</span> <span class='ocrx_word' id='word_1_304' title='bbox 166 3874 305 3946; x_wconf 87' lang='lat' dir='ltr'><strong>superest,</strong></span> <span class='ocrx_word' id='word_1_305' title='bbox 318 3866 441 3946; x_wconf 80' lang='lat' dir='ltr'><strong>adquos</strong></span> <span class='ocrx_word' id='word_1_306' title='bbox 452 3863 662 3943; x_wconf 86' lang='lat' dir='ltr'><strong>persequendos</strong></span> <span class='ocrx_word' id='word_1_307' title='bbox 676 3864 748 3930; x_wconf 85' lang='lat' dir='ltr'><strong>ituri</strong></span> <span class='ocrx_word' id='word_1_308' title='bbox 762 3883 867 3925; x_wconf 88' lang='lat' dir='ltr'><strong>sumus.</strong></span> <span class='ocrx_word' id='word_1_309' title='bbox 929 3864 1023 3925; x_wconf 85' lang='lat' dir='ltr'><strong>Latus</strong></span> <span class='ocrx_word' id='word_1_310' title='bbox 1044 3866 1180 3926; x_wconf 84' lang='lat' dir='ltr'><strong>edomes</strong></span> 
     </span>
    </p>
   </div>
   <div class='ocr_carea' id='block_1_10' title="bbox 0 0 1300 4400">
    <p class='ocr_par' dir='ltr' id='par_1_11' title="bbox 0 0 1300 4400">
     <span class='ocr_line' id='line_1_38' title="bbox 0 0 1300 4400; baseline 0 2"><span class='ocrx_word' id='word_1_311' title='bbox 0 0 1300 4400; x_wconf 95' lang='lat' dir='ltr'><strong> </strong></span> 
     </span>
    </p>
   </div>
  </div>
 </body>
</html>
