2592 4400
200 325 234 382 12
546 340 687 390 curari
714 341 854 382 ccarrr

194 501 250 558 que
265 483 371 538 currus
384 481 462 539 latus
477 479 595 538 deorum
612 479 766 538 simulacra
776 499 813 538 ex
824 499 894 539 auro
905 487 1135 559 argentoque
1156 503 1233 559 exp

194 594 225 634 sa
240 575 430 634 decorabant:
453 573 671 650 distinguebant
691 575 893 632 internitentes
906 595 1057 651 gemmae
1077 579 1235 654 jugum,

193 689 250 747 quo
266 669 429 728 eminebant
444 669 500 727 duc
514 688 602 726 aurea
617 669 637 697 ¹⁸
647 669 802 728 simulacra
822 668 982 745 cubitalia;
1012 689 1183 747 quorum
1203 672 1235 729 ai

192 785 257 822 rum
273 764 354 840 Nini,
369 761 492 821 alterum
508 763 576 822 Beli
596 764 717 842 gerebat
737 763 867 842 effigiem.
910 763 1005 822 Inter
1022 765 1106 824 haec
1134 786 1235 825 aurea

130 859 331 939 Ipsaquilam
348 860 368 888 ¹⁹
377 859 479 936 pinnas
494 859 664 917 extendenti
678 858 811 932 similem,
826 866 1035 917 sacraverant.
1116 921 1121 930 ,

251 961 277 1013 8.
302 953 407 1014 Cultus
428 953 520 1030 Regis
542 954 618 1012 inter
632 953 729 1012 omnia
752 953 871 1010 luxurit
889 953 1079 1012 notabatur.
1137 956 1165 984 '⁰
1179 956 1235 1013 Pu

192 1068 290 1124 pureaa
304 1049 411 1108 tunicae
430 1049 557 1108 medium
572 1048 638 1108 albo
652 1047 797 1105 intextum
818 1055 889 1105 erat.
932 1047 1070 1106 Pallam
1088 1068 1177 1108 auro
1196 1051 1235 1107 di

191 1145 312 1202 tinctam
341 1145 422 1204 aurei
449 1145 611 1222 accipitres,
636 1143 718 1202 velut
744 1142 848 1202 rostris
873 1143 950 1202 inter
971 1163 1010 1202 se
1039 1164 1235 1203 corruerem

191 1240 387 1300 adornabant:
410 1247 440 1298 et
455 1243 525 1298 zona
548 1242 635 1297 aurea
656 1238 835 1298 muliebriter
849 1238 964 1298 cinctus
988 1239 1162 1297 acinacem
1180 1260 1234 1297 sus

129 1335 339 1412 rependerat,
361 1336 408 1394 cui
429 1337 449 1364 ²¹
460 1355 496 1393 ex
516 1337 630 1412 gemma
655 1341 719 1392 erat
737 1335 847 1411 vagina.
890 1334 912 1361 ²¹
929 1334 1103 1411 Cydara'm
1127 1334 1233 1392 Persa

189 1431 300 1508 regium
315 1430 418 1507 capitis
432 1430 576 1489 vocabant
596 1430 726 1506 insigne:
749 1429 803 1487 hoc
817 1429 940 1487 caerulea
954 1429 1057 1486 fascia
1079 1429 1155 1488 albo
1173 1430 1234 1487 dis·

181 1525 284 1582 tincta
298 1524 475 1583 circumibat.
520 1523 644 1584 Currum
667 1523 768 1582 decem
789 1524 882 1581 millia
899 1523 1092 1582 hastatorum
1119 1544 1230 1602 seque-

189 1620 311 1696 bantur3
334 1619 432 1678 hastas
446 1626 565 1696 argento
580 1625 743 1691 exornatas,
759 1619 869 1696 spicula
890 1639 961 1677 auro
975 1619 1106 1696 praelixa
1119 1629 1222 1697 gesta·

188 1715 266 1776 bant.
309 1715 423 1774 Dextra
437 1714 567 1792 laevtque
582 1714 693 1792 Regem
709 1714 826 1804 ducenti,
843 1715 935 1771 ferme
953 1714 1137 1772 nobilissimi
1150 1735 1219 1791 pro-

104 1810 360 1889 'fflspinquorum
375 1810 594 1870 comitabantur.
638 1809 751 1866 Horum
763 1827 864 1887 agmen
879 1808 1072 1868 claudebatur
1088 1810 1213 1886 triginta

188 1907 319 1966 millibus
333 1906 472 1983 peditum,
487 1924 559 1984 quos
574 1905 641 1983 equi
658 1904 750 1981 Regis
770 1904 975 1981 quadringenti
996 1905 1205 1982 sequebantur.
1226 1927 1232 1937 ·

187 2001 349 2059 Intervallo
374 2001 486 2074 deinde,
512 2001 597 2058 unius
626 1999 723 2073 stadii,
750 2006 872 2056 matrem
897 1999 982 2056 Darii
1007 1999 1200 2076 Sysigambim

187 2115 288 2154 currus
311 2096 441 2170 vehebat,
465 2103 494 2154 et
518 2096 549 2152 in
573 2095 630 2153 alio
655 2101 717 2152 erat
740 2096 854 2170 conjux.
898 2094 996 2152 Turba
1019 2095 1195 2152 foeminarum

187 2191 316 2271 Reginus
331 2191 530 2249 comitantium
542 2191 623 2268 equis
634 2189 812 2249 vectabatur.
856 2188 1025 2259 Quindecim
1037 2189 1110 2263 iude,
1122 2211 1191 2268 quas

111 2288 415 2367 ,W'carpaamaacs
440 2285 595 2362 appellant,
621 2284 823 2364 sequebantur.
875 2284 913 2346 In
936 2285 981 2343 his
1005 2293 1083 2342 erant
1106 2286 1186 2343 liberi

187 2382 288 2461 Regis,
304 2390 333 2440 et
355 2382 406 2458 qui
428 2380 589 2441 educabant
611 2400 668 2453 eos,
686 2379 902 2458 spadonumque
924 2400 1002 2457 grex,
1023 2380 1096 2437 haud
1117 2383 1182 2438 sane

186 2477 245 2535 illis
265 2476 403 2555 gentibus
417 2476 491 2533 vilis
526 2475 611 2533 Tum
634 2476 723 2554 regiae
740 2474 863 2551 'pellices
885 2481 1019 2533 trecentae
1040 2476 1179 2551 sexaginta

134 2620 137 2627 .
185 2572 372 2645 vehebantur,
388 2578 417 2629 et
438 2572 509 2648 ipsae
529 2571 621 2647 regali
642 2571 733 2645 cultu,
748 2576 925 2647 ornatuque:
950 2577 1012 2646 post
1023 2589 1088 2647 quas
1100 2590 1174 2646 pecu·

185 2668 261 2725 niam
280 2666 379 2743 Regia,
396 2665 525 2724 sexcenti
549 2665 629 2739 muli,
644 2673 674 2722 et
687 2665 810 2723 trecenti
831 2665 933 2722 cameli
947 2665 1089 2738 vehebant,
1108 2686 1170 2741 prae·

123 2754 190 2807 Μ’
185 2754 260 2820 sidio
289 2762 504 2839 sagittariorum
532 2768 732 2839 prosequente.
775 2760 1003 2837 Propinquorum
1022 2760 1166 2817 amicorum-

184 2876 240 2935 que
262 2860 398 2936 conjuges
418 2857 486 2915 huic
505 2856 613 2934 agmini
634 2855 783 2932 proximae,
799 2856 820 2883 ²⁴
829 2855 1001 2933 lixarumque
1014 2863 1039 2912 et
1051 2855 1162 2912 calonum
1223 2892 1228 2901 -

185 2971 284 3029 greges
299 2952 485 3011 vehebantur.
529 2952 636 3011 Ultimi
658 2959 742 3009 erant-
755 2971 820 3009 cum
841 2951 903 3009 suis
923 2952 1033 3027 quisque
1050 2950 1158 3023 ducibus,

186 3046 236 3124 qui
261 3054 396 3123 cogerent
420 3066 531 3123 agmen,
553 3046 658 3104 leviter
682 3046 795 3103 armati.
840 3045 950 3105 Contra
972 3045 1064 3121 siquis
1082 3045 1155 3102 aciem

187 3140 379 3199 Macedonum
402 3141 575 3215 intueretur,
591 3141 692 3217 dispar
714 3141 790 3198 acies
812 3148 875 3197 erat
896 3140 975 3217 equis
987 3140 1090 3217 virisque
1106 3160 1152 3197 non

124 3232 265 3313 maure,
287 3256 344 3295 non
371 3236 505 3294 discolori
526 3243 616 3310 veste,
638 3236 690 3293 sed
714 3236 790 3294 ferro
815 3244 904 3313 atquc
927 3255 979 3293 aere
998 3235 1148 3313 fulgentibus.

187 3332 303 3409 Agmen
324 3338 354 3389 et
376 3338 453 3389 stare
475 3339 617 3408 paratum,
633 3339 663 3388 et
679 3332 770 3410 sequi,
785 3332 869 3389 “uec
891 3330 983 3404 turbt,
994 3350 1035 3388 nec
1053 3330 1203 3388 resiliet.

187 3447 346 3506 praegrave,
361 3427 505 3485 intentum
519 3427 555 3485 ad
571 3427 653 3485 ducis
667 3446 725 3485 non
739 3427 853 3503 signum
873 3426 966 3499 modo,
978 3426 1017 3484 sed
1028 3426 1095 3483 etiam
1106 3446 1145 3482 nu·

187 3530 256 3580 tum.
302 3522 343 3580 Et
358 3522 460 3579 castris
481 3522 572 3596 locus,
587 3529 617 3580 et
637 3522 778 3579 exercitui
799 3528 972 3579 commeatus
988 3520 1139 3597 suppetebant.

217 3638 268 3695 rgo
285 3618 454 3675 Alexandro
469 3617 499 3674 in
513 3619 574 3675 acie
589 3617 673 3675 miles
688 3636 744 3675 uon
759 3616 862 3674 defuit.
906 3615 1001 3673 Darius
1011 3624 1082 3673 autem
1094 3621 1140 3671 tau·

119 3690 140 3749 1
187 3720 226 3771 tae
240 3712 439 3771 multitudinis
454 3712 530 3787 Rex,
545 3712 611 3787 loci,
623 3712 654 3769 in
667 3732 723 3790 quo
738 3712 888 3789 pugnavit,
900 3711 1029 3789 angustiis,
1038 3710 1138 3768 redactus

189 3814 234 3867 est
249 3808 286 3866 ad
300 3808 485 3884 paucitatem,
500 3828 586 3887 quam
600 3809 630 3867 iu
644 3808 728 3867 hoste
743 3813 961 3884 contempserat.
1031 3813 1033 3820 ’

62 2834 78 2873 ,Ι
