2592 4400
264 480 268 487 ,
357 436 482 479 mann
506 436 582 479 vir.
610 438 696 482 ose.
724 440 816 483 vus.
1042 428 1095 487 165

72 574 158 637 disse
171 594 204 636 se
216 574 368 651 affirmans,
379 575 482 654 ntiqui
494 576 639 654 prioribus
658 576 744 658 longe
759 550 890 641 diversa:
910 580 930 611 ¹⁸
938 586 1001 639 tum
1019 582 1096 643 solli·

74 672 225 731 citudinis
238 690 338 731 causes
351 672 527 749 apparuisse,
540 692 616 731 nuno
627 692 745 751 prorsus
758 675 870 755 egregie
884 675 1000 735 litatum
1015 696 1083 739 esso.

140 771 188 827 31.
212 765 361 827 (laeterdm
383 786 448 845 qnae
471 767 593 827 subinde
606 769 743 827 nunciata
767 778 834 829 sunt
847 771 933 851 Regi,
955 774 1096 833 continnae

73 840 217 921 felicioris
242 882 338 921 rerum
361 864 424 938 ejus
447 862 643 939 imposuerant
669 863 771 923 labem.
823 866 1030 943 Menedemum,
1060 876 1095 927 ut

72 961 169 1037 snpra
193 958 305 1017 dictum
328 964 382 1031 est,
406 957 526 1016 miserat
546 959 584 1017 ad
605 959 791 1018 obsidendum
812 956 1003 1038 Spitameuem
1024 962 1094 1021 Bac·

71 1056 182 1113 trianae
195 1053 366 1112 deiectionis
385 1060 538 1112 auctorem.
579 1054 598 1082 '⁴
609 1053 678 1129 Qui,
692 1062 835 1132 comperto
856 1056 1094 1133 hostisadventu,

71 1170 111 1209 ne
125 1149 219 1209 muris
240 1148 322 1208 urbis
345 1148 548 1223 includeretur,
563 1149 584 1177 ’⁶
593 1149 679 1209 simul
700 1150 791 1209 fretus
814 1151 907 1229 excipi
930 1171 1022 1230 posse,
1036 1160 1094 1232 que

73 1252 235 1306 venturum
262 1244 381 1318 sciebat,
405 1243 535 1301 consedit
558 1245 693 1304 occultus.
746 1245 894 1324 Sylvestre
916 1248 973 1306 iter
996 1254 1093 1325 aptum

75 1340 197 1400 insidiis
221 1340 354 1418 tegendis
381 1345 451 1398 erat
507 1339 557 1398 Ibi
582 1338 681 1398 Dahas
713 1341 851 1402 condidit.
907 1343 984 1422 Equi
1011 1344 1094 1403 binos

76 1442 210 1495 armatos
223 1435 340 1510 vehunt,
354 1454 475 1512 quorum
497 1434 619 1493 invicem
642 1435 750 1514 singuli
770 1439 888 1514 repenti
903 1437 1050 1513 desiliunt,
1063 1445 1094 1497 et

71 1531 224 1610 equestris
245 1550 349 1608 pugnae
370 1529 499 1588 ordinem
521 1530 647 1589 turbant.
703 1530 851 1609 Equorum
874 1531 1022 1591 velocitati
1042 1552 1093 1611 par

72 1634 122 1686 est
145 1625 298 1684 hominnm
319 1624 482 1701 pernicitas.
524 1624 589 1682 Hos
612 1624 792 1702 Spitamenes
813 1627 918 1685 saltum
942 1628 1093 1687 circumire

75 1724 191 1800 jussos,
218 1720 327 1797 pariter
349 1726 379 1777 et
401 1738 420 1777 a
442 1719 589 1793 lateribus,
611 1727 641 1777 et
665 1740 682 1777 a
704 1721 806 1796 fronte,
827 1729 857 1779 et
879 1742 897 1780 a
916 1730 997 1803 tergo
1017 1723 1093 1783 hosti

70 1815 211 1876 ostendit.
254 1814 443 1873 Menedemus
464 1814 591 1892 undique
614 1813 757 1889 inclusus,
776 1834 813 1874 ne
833 1834 953 1875 numero
979 1806 1093 1895 quidem

69 1932 134 1990 par,
161 1910 218 1969 did
242 1916 338 1968 tamen
360 1910 479 1984 restitit,
503 1910 667 1985 clamitans,
698 1909 816 1969 “Nihil
842 1910 922 1969 eliud
946 1931 1093 1988 superesse

70 2008 204 2067 locorum
228 2005 330 2064 frande
354 2004 492 2081 deceptis,
517 2009 603 2083 quiam
626 2004 755 2064 honestae
779 2006 880 2065 mortis
902 2005 1036 2065 solatium
1057 2026 1093 2066 ex

69 2103 204 2162 hostium
217 2100 323 2160 eaede.'’
364 2099 466 2177 Ipsum
488 2100 648 2178 praevalens
672 2118 761 2177 equus
774 2099 903 2175 vehebat,
916 2120 973 2179 quo
987 2101 1054 2179 saepi
1060 2103 1093 2160 ds

70 2200 103 2258 in
116 2217 225 2259 euneos
238 2195 434 2256 Barbarorum
454 2196 552 2254 effusis
573 2194 693 2255 habenis
706 2196 858 2272 ²⁶evectus,
873 2202 984 2276 magne,
998 2207 1093 2276 strage

72 2315 121 2355 eos
134 2293 262 2353 fuderat.
305 2291 362 2352 Sed
383 2293 450 2349 cdrn
472 2311 563 2350 unum
575 2309 674 2350 omnes
694 2298 835 2369 peterent,
855 2292 956 2351 multis
969 2293 1092 2352 vulneri-

72 2391 126 2452 bus
140 2387 309 2467 exsanguis,
324 2383 478 2464 Hipsidem
491 2386 643 2464 quemdam
668 2406 704 2444 ex
723 2386 832 2462 amicis,
846 2387 978 2446 hortatus
991 2396 1044 2463 est,
1059 2397 1093 2446 ut

72 2487 103 2548 in
116 2505 225 2564 equum
239 2502 322 2542 suum
336 2481 509 2557 ascenderet,
524 2489 599 2539 etse
618 2481 690 2560 fugi
703 2483 833 2560 eriperet.
874 2482 948 2542 Haec
961 2493 1092 2562 agentem

72 2582 172 2642 anima
197 2578 314 2653 defecit,
324 2585 490 2654 'corpusque
514 2596 551 2634 ex
574 2597 646 2655 equo
670 2577 791 2636 defluxit
813 2577 977 2638 interram.
1020 2579 1093 2655 Hip·

73 2677 151 2736 sides
164 2680 282 2753 poterat
294 2673 410 2751 quidem
433 2672 566 2750 effugere,
581 2673 642 2748 sed,
658 2673 761 2732 amisso
775 2672 883 2749 ramice,
896 2673 968 2732 mori
980 2675 1091 2733 statuit.

16 2778 17 2781 ’
73 2773 142 2832 llna
156 2777 222 2829 erat
235 2788 310 2843 cura,
324 2787 360 2826 ne
380 2767 491 2825 inultus
511 2767 662 2826 occideret
705 2766 817 2846 Itaque,
832 2768 958 2827 subditis
978 2768 1092 2826 calcari·

73 2868 129 2928 bns
154 2883 239 2943 equo,
253 2864 284 2922 in
307 2863 419 2921 medios
440 2860 539 2920 hostes
560 2850 591 2921 so
609 2861 737 2939 immisit,
758 2869 796 2936 et,
812 2862 990 2922 memorabili
1011 2863 1093 2920 edite

73 2966 185 3041 pugno,
200 2959 318 3019 obrutus
338 2957 405 3015 telis
425 2964 477 3016 est.
520 2956 605 3027 Quod
627 2956 680 3016 nbi
693 2957 793 3017 videre
815 2957 865 3035 qui
888 2957 960 3017 caedi
983 2975 1093 3034 supere·

75 3066 150 3132 rant,
177 3054 320 3112 tumulum
343 3052 430 3131 pauld
453 3054 542 3130 quim
565 3059 670 3111 caetere
694 3052 846 3110 editiorem
865 3053 1000 3130 capiunt:
1021 3071 1093 3131 quos

76 3153 270 3229 Spitamenes,
292 3149 368 3207 fame
391 3148 423 3205 in
446 3147 622 3206 deditionem
647 3147 827 3221 subacturus,
853 3147 973 3215 obsedit.
1015 3147 1093 3208 (leci-

76 3247 147 3306 derc
169 3266 204 3305 eo
217 3244 318 3323 praelio
342 3243 472 3320 peditum
495 3243 552 3301 duo
573 3242 674 3317 millia,
696 3243 816 3300 trecenti
838 3245 958 3322 equites.
1002 3242 1095 3314 Quom

76 3344 191 3401 cladem
205 3340 374 3400 Alexander
396 3337 496 3397 solerti
517 3337 636 3396 consilio
658 3338 741 3412 texit,
755 3345 847 3398 morte
863 3340 1034 3398 denunciata
1048 3339 1093 3414 iis,

77 3440 128 3519 qni
141 3458 181 3498 ex
194 3435 295 3513 praelio
308 3435 491 3513 advenerant,
506 3432 532 3491 si
545 3439 609 3490 acta
622 3433 798 3512 vulgassent.

139 3529 234 3593 VIII.
257 3535 303 3589 32.
327 3528 469 3590 Caeterum
482 3531 546 3585 cim
560 3527 673 3586 ¹animo
694 3528 837 3606 disparem
850 3529 962 3589 vultum
983 3528 1095 3586 diutius

78 3631 155 3688 ferre
179 3647 239 3686 non
262 3631 368 3703 posset,
390 3624 421 3680 in
445 3623 668 3699 tabernaculum,
689 3643 775 3701 supra
797 3625 889 3701 ripam
911 3622 1036 3682 fluminis
1060 3622 1096 3680 de

81 3724 228 3784 industrii
249 3722 384 3802 locatum,
406 3718 534 3778 secessit.
576 3717 646 3778 ”Ibi
668 3721 729 3777 sine
743 3719 860 3778 arbitris
874 3719 986 3797 singula
1008 3715 1096 3774 enimi

81 3822 212 3880 consulta
239 3816 394 3896 pensando,
417 3820 540 3873 noctem
566 3813 675 3892 vigiliis
707 3814 843 3889 extraxit,
871 3816 946 3891 saepe
974 3811 1098 3892 pellibus

84 3913 263 3978 tabernaculi
288 3910 428 3983 allevatis,
448 3916 482 3967 ut
505 3908 680 3985 conspiceret
700 3907 827 3967 hostium
847 3907 937 3988 ignes,
959 3906 1099 3989 equibus
