2592 4400
187 402 249 461 alo
538 419 679 471 unrurr
709 419 847 461 cuarrr

187 577 267 621 snare
280 557 427 617 inviseret
470 558 568 618 Multa
580 560 702 618 materia
721 559 833 619 navalis
848 561 877 619 in
893 560 1034 639 proximis
1054 562 1216 623 montibus

188 661 260 729 erat,
272 652 359 733 quam
379 652 490 713 caedere
511 655 649 733 aggressi,
665 655 872 735 magnitudinis
895 656 1045 717 inusitatae
1068 662 1217 735 reperere

188 756 344 826 serpentes.
387 748 601 809 Rhinocerotes
624 770 748 829 quoqne,
763 770 861 809 rerum
885 751 956 810 alibi
971 752 1087 826 animal,
1103 754 1132 811 in
1163 752 1216 812 iis-

188 843 253 903 dem
267 843 414 903 montibus
428 840 519 903 era'nt.
564 845 713 905 Oaeterrlm
726 845 779 903 boc
789 864 891 903 nomen
900 846 1007 905 belluis
1021 847 1063 905 eis
1078 847 1216 905 inditum

188 938 352 1015 aGraeois3
386 940 528 997 sermonis
550 942 614 1018 ejus
635 939 730 1018 ignari
754 939 835 997 aliud
859 940 961 1019 lingue
984 944 1036 1000 sud
1049 948 1213 1019 usurpant.

189 1032 257 1093 Rex
271 1032 384 1091 duabus
398 1033 520 1093 urbibus
534 1032 660 1092 conditis
675 1034 704 1091 in
725 1041 848 1113 utraque
862 1034 997 1110 fluminis,
1012 1036 1090 1115 qnod
1106 1054 1214 1113 supcr-

188 1135 297 1203 arerat,
312 1128 385 1205 ripa,
401 1128 548 1206 copiarum
569 1128 657 1187 duces
672 1129 784 1187 curonis
806 1136 836 1188 et
860 1128 941 1188 mille
955 1130 1051 1189 aureis
1073 1130 1219 1209 singulos

188 1223 286 1283 donat
341 1221 463 1283 Cauris
484 1242 599 1301 qnoque
619 1242 673 1301 pro
695 1223 828 1300 portione
853 1231 904 1283 aut
927 1225 1047 1301 graduis,
1062 1244 1153 1304 quem
1181 1226 1216 1284 in

187 1317 295 1377 mitius
317 1317 497 1392 obtinebant,
521 1326 573 1377 aut
595 1318 729 1379 'navatae
753 1338 857 1397 operae,
882 1318 974 1379 bonos
1001 1318 1121 1379 habitus
1151 1328 1213 1381 est

188 1412 339 1486 Abisares,
352 1414 404 1492 qui
425 1415 509 1491 prius
532 1415 620 1493 qudm
634 1434 699 1473 cum
720 1414 796 1473 Poro
819 1415 1016 1491 dimicaretur,
1030 1416 1146 1495 legatos
1172 1416 1216 1477 ad

188 1507 389 1567 Alexandrum
413 1508 542 1583 miseret,
567 1529 670 1567 rursus
694 1509 768 1569 alios
795 1510 885 1585 misit,
909 1511 1081 1588 pollicentes
1106 1513 1215 1573 omnia

187 1604 334 1663 iacturum
360 1624 426 1684 quae
447 1604 626 1682 imperasset,
648 1604 734 1663 modd
758 1624 794 1663 ue
818 1615 969 1684 cogeretur
991 1626 1095 1684 corpus
1119 1626 1214 1667 suum

187 1699 299 1759 dedere.
343 1699 446 1779 Neque
470 1699 547 1758 enim
570 1707 623 1759 aut
647 1700 709 1759 sine
731 1700 812 1779 ragio
837 1701 958 1779 imperio
982 1702 1138 1777 victurum,
1153 1710 1214 1763 aut

187 1803 375 1874 regnaturum
388 1816 452 1855 esse
473 1796 630 1873 captivum.
675 1795 731 1857 (lui
758 1796 928 1855 Alexander
949 1798 1082 1856 nunciari
1103 1801 1212 1877 jussit,

188 1893 214 1951 si
227 1899 399 1971 gravaretur
412 1892 448 1950 ad
463 1911 493 1949 se
507 1892 615 1965 venire,
631 1890 727 1969 ipsum
742 1892 778 1949 ad
790 1912 856 1950 eum
868 1911 930 1951 csse
943 1899 1108 1953 venturum.

248 1992 274 2048 2.
298 1987 378 2048 Hinc
400 1988 487 2065 porrd
510 1987 635 2045 Acesiue
659 1994 804 2064 superato,
818 1986 856 2046 ad
877 1988 1016 2047 interiora
1030 1988 1129 2050 Indiae
1143 2010 1212 2068 pro-

188 2084 286 2143 oessit.
329 2084 429 2161 Sylvae
452 2090 538 2143 erant
561 2081 653 2160 prope
676 2082 706 2140 in
729 2084 903 2142 immensum
928 2085 1055 2161 spatium
1079 2085 1211 2165 diffusae,

188 2179 373 2259 procerisque
394 2186 425 2238 et
446 2180 477 2238 in
498 2179 635 2239 eximiam
662 2178 849 2238 altitudinem
874 2179 962 2239 editis
977 2178 1132 2241 arboribus
1145 2203 1211 2243 um·
1262 2184 1265 2189 '

189 2277 290 2336 brosae.
343 2275 501 2354 'Plerique
522 2275 596 2333 rami
620 2275 713 2334 instar
735 2275 896 2354 ingentium
924 2277 1056 2354 stipitum
1080 2278 1151 2336 flexi
1176 2279 1211 2338 in

189 2371 317 2444 humum,
339 2388 450 2442 rursus,
474 2371 535 2449 qud
562 2389 593 2428 se
620 2370 822 2444 curvaverant,
848 2371 1041 2450 erigebantur,
1067 2371 1143 2432 aded
1172 2381 1212 2434 ut

189 2465 300 2542 species
313 2471 391 2523 esset
404 2483 462 2521 non
475 2465 550 2522 rami
571 2465 760 2542 resurgentis,
777 2465 828 2524 sed
851 2466 963 2526 arboris
986 2487 1023 2525 ex
1037 2470 1092 2526 sud
1106 2469 1211 2528 radice

189 2567 341 2640 generatae.
399 2558 474 2618 Oceli
500 2560 655 2636 temperies
684 2561 808 2619 salubris
823 2579 846 2619 :¹
862 2561 968 2640 quippe
996 2567 1026 2620 et
1048 2563 1109 2622 vim
1134 2565 1210 2624 solis

189 2655 300 2716 nmbrae
320 2655 426 2729 lerant,
440 2662 471 2714 et
492 2675 577 2734 aquae
599 2655 689 2732 largae
709 2662 828 2714 manent
843 2675 858 2716 e
872 2657 1009 2716 fontibus.
1054 2656 1209 2718 Oaeterdm

190 2754 239 2811 bic
252 2772 366 2832 quoque
380 2753 558 2829 serpentium
571 2771 676 2830 magna
689 2751 735 2810 vis
755 2759 826 2826 erat,
841 2753 968 2831 squamis
981 2753 1125 2832 fulgorem
1140 2755 1209 2814 auri

189 2849 387 2910 reddentibus.
431 2847 522 2907 Virus
545 2847 624 2906 band
648 2847 743 2904 ullum
767 2847 860 2925 magis
880 2848 999 2906 noxium
1015 2856 1077 2908 est:
1097 2849 1208 2928 quippe

190 2964 318 3002 morsum
331 2963 459 3022 praesens
473 2964 551 3002 mors
564 2943 751 3022 sequebatur,
767 2942 858 3002 donec
871 2945 908 3003 ab
928 2944 1031 3002 incolis
1044 2945 1208 3004 remedium

190 3038 320 3097 oblatum
334 3045 387 3096 est.
432 3038 512 3098 Hiuo
535 3059 588 3116 per
611 3037 728 3096 deserta
743 3045 862 3097 ventum
886 3045 931 3096 est
953 3037 990 3096 ad
1004 3039 1109 3096 flumen
1124 3039 1207 3117 Hya·

190 3133 285 3191 rotim.
329 3133 475 3191 deuotum
489 3141 553 3192 erat
565 3133 680 3191 flumini
699 3151 810 3210 nemus,
824 3151 945 3210 opacum
969 3133 1121 3194 arboribus
1135 3134 1207 3193 alibi

191 3227 350 3300 inusitatis,
386 3229 602 3308 agrestiumque
642 3247 786 3306 pavonum
833 3229 1021 3287 multitudine
1058 3229 1204 3308 frequens.

193 3321 307 3382 (lustris
334 3321 403 3380 inde
431 3322 527 3396 motis,
550 3323 689 3400 oppidum
712 3322 792 3381 baud
819 3323 919 3402 procul
946 3323 1074 3400 positum
1101 3327 1207 3383 cerunt

192 3418 279 3496 capit,
300 3415 508 3495 obsidibusque
531 3419 668 3501 aecsptis,
684 3416 859 3495 stipendium
883 3418 1014 3496 imponit.
1057 3417 1108 3480 Ad
1129 3437 1206 3500 mag·

193 3533 259 3572 nam
281 3511 386 3571 deinde
411 3510 458 3586 (ut
484 3511 515 3568 in
540 3515 577 3570 ed
600 3513 728 3591 regione)
743 3512 846 3572 urbem
870 3512 1018 3590 pervenit3
1041 3531 1099 3571 non
1123 3533 1207 3574 muro

194 3609 297 3682 solum,
311 3608 363 3668 sed
385 3608 471 3667 etiam
490 3607 596 3685 palude
616 3608 767 3666 munitam.
811 3608 960 3668 (laeterllm
986 3607 1115 3688 Barbari
1130 3609 1207 3670 vebi-

195 3702 269 3761 enlis
296 3704 374 3762 inter
400 3722 430 3762 se
455 3703 566 3780 junctis
593 3703 759 3762 dimicaturi
788 3711 983 3762 occurrerunt.
1041 3703 1114 3762 Tela
1142 3705 1208 3768 aliis

195 3797 296 3872 bastae,
324 3798 390 3858 aliis
429 3818 546 3858 secures
581 3806 687 3858 erant:
722 3798 990 3878 transiliebantque
1016 3799 1048 3856 in
1074 3799 1209 3860 vehicula

195 3900 314 3952 anenno
327 3893 415 3969 saltu,
429 3895 498 3953 edm
512 3913 680 3954 succurrere
701 3895 902 3954 laborantibus
924 3896 985 3954 suis
999 3895 1120 3954 vellent.
1163 3896 1209 3957 Ac
