2592 4400
173 372 234 429 228
525 386 662 435 111111
691 386 828 426 currui

173 526 230 585 init
241 544 385 605 pngmm3
406 529 446 599 et,
460 542 498 583 ne
509 522 652 583 circumiri
666 532 772 601 posset,
784 524 899 584 fortuna
912 526 1084 603 providerat
1129 528 1192 588 Ve-

172 628 253 679 tnsta
274 620 361 679 arbor
381 618 459 678 hand
479 618 578 696 procul
598 639 680 678 mum
701 638 795 679 ramos
815 621 907 679 multa
930 622 1032 681 froude
1052 624 1191 698 vestitos,
1272 630 1273 675 ἴ

172 714 252 774 velut
277 715 315 773 de
339 714 484 773 industrii
517 713 627 793 Regem
660 722 851 794 protegentes,
878 716 1030 793 objecerat,
1087 718 1192 795 Hujus
1272 752 1273 785 ³

173 810 300 887 spatioso
313 810 407 887 stipiti
429 828 533 887 corpus
555 808 702 886 applicuit,
716 810 816 888 clypeo
838 811 905 886 tela,
919 832 984 890 qnae
1005 832 1042 871 ex
1064 813 1192 871 adverso
1272 828 1273 835 ¹

173 905 383 984 ingerebantur,
407 905 557 982 excipiens
600 903 678 962 Nam
700 906 768 964 edm
789 924 877 963 unum
898 908 996 983 procul
1017 915 1061 966 tot
1084 926 1191 965 manus

173 1006 312 1077 peterent,
338 1018 422 1057 nemo
448 1005 543 1057 tamen
570 997 693 1057 audebat
719 1000 834 1077 propiis
861 1001 1001 1061 accedere
1057 1002 1191 1061 Missilia

174 1092 263 1153 111111
284 1093 475 1171 pluraquam
497 1092 598 1169 clypeo
620 1090 791 1152 incidebant.
842 1093 996 1173 Pugnabat
1023 1116 1075 1173 pro
1103 1096 1191 1173 Rege

173 1188 298 1265 primunr
310 1187 447 1248 celebrati
466 1186 588 1245 nominis
611 1187 698 1261 fama,
713 1186 817 1245 deinde
838 1188 1027 1266 'desperatiq
1049 1210 1191 1269 magnum

174 1281 212 1341 ad
224 1282 345 1341 bonesti
359 1281 538 1341 moriendum
560 1281 793 1341 incitamentum:
815 1282 866 1341 sed
878 1284 888 1311 ⁴
898 1285 964 1341 11111
978 1284 1104 1344 subinde
1123 1284 1192 1342 hos-

175 1376 216 1435 tis
227 1376 362 1452 afflueret,
382 1378 443 1453 jam
456 1376 600 1455 ingentem
614 1377 674 1435 vim
688 1376 811 1435 telorum
832 1386 980 1455 exceperat
994 1379 1104 1457 clypeo,
1127 1382 1192 1457 jam

174 1471 287 1551 galeam
308 1491 378 1531 saxa
399 1471 601 1549 perfregerant,
615 1472 694 1549 'jam
715 1472 850 1531 continno
863 1472 961 1533 labore
980 1474 1082 1553 gravia
1095 1492 1194 1553 genua

175 1565 361 1626 succiderant
414 1565 520 1645 Itaque
547 1569 743 1643 contemptim,
771 1574 802 1625 et
829 1568 952 1644 1111111,
978 1570 1029 1647 qui
1062 1568 1193 1647 proximi

176 1668 326 1736 steterant,
349 1661 549 1720 incurrerunt:
570 1680 586 1719 1
608 1660 714 1739 quibus
738 1660 810 1719 duos
823 1662 921 1740 gladio
944 1664 987 1722 ita
1009 1666 1131 1742 excepit,
1155 1672 1193 1721 ut

176 1764 244 1817 ante
256 1757 351 1835 ipsum
364 1755 510 1815 exanimes
521 1756 745 1834 procumberent.
788 1756 817 1814 N
820 1776 851 1815 ec
864 1758 996 1836 cuiquem
1010 1759 1115 1819 deinde
1127 1780 1193 1837 pro·

178 1854 244 1931 pits
268 1852 426 1912 incessendi
448 1870 515 1910 eum
536 1852 648 1911 animus
661 1851 726 1910 fuit.
768 1851 875 1911 Procul
892 1854 988 1931 jacula
1009 1856 1194 1934 sagittasque

177 1947 336 2008 mittebant

207 2092 214 2103 ‚
242 2047 285 2103 16.
308 2043 364 2109 Ille
387 2042 424 2100 ad
443 2060 542 2100 omnea
564 2041 639 2099 ictus
664 2041 820 2117 expositus,
843 2046 919 2121 segre
941 2045 950 2071 ⁸
957 2046 1018 2120 jam
1040 2053 1194 2123 exceptum

178 2138 337 2217 poplitibus
363 2156 467 2214 corpus
488 2136 630 2211 tuebatur,
658 2135 748 2194 donec
775 2136 869 2195 Indus
889 2138 1009 2198 duorum
1030 2140 1193 2201 cubitorum

179 2234 316 2311 sagittam
330 2233 462 2310 (namque
475 2231 566 2306 Indis,
580 2239 615 2289 ut
636 2232 704 2290 ante
728 2232 862 2308 diximus,
877 2233 961 2311 hujus
981 2236 1193 2314 magnitudinis

179 2326 298 2405 sagittae
324 2329 418 2404 erant)
440 2326 482 2384 ita
503 2326 637 2401 excussit,
663 2333 695 2385 ut
717 2345 769 2404 per
789 2327 935 2387 thoracem
961 2330 1083 2406 paulum
1107 2350 1193 2408 super

179 2421 257 2480 latus
269 2421 402 2479 dextrum
421 2420 558 2498 infigeret.
600 2419 664 2490 Quo
678 2423 796 2481 vulnere
818 2422 947 2496 afflictus,
969 2425 1193 2502 111111νί111-

179 2515 274 2598 guinis
297 2514 447 2588 emicante,
470 2513 599 2572 'remisit
620 2535 699 2574 arma
722 2517 893 2576 moribundo
915 2517 1035 2578 similis:
1066 2520 1193 2599 adeoque

180 2610 351 2683 'resolutus
380 2610 432 2667 'ut
457 2628 494 2667 ne
521 2607 559 2666 ad
589 2609 752 2668 vellendum
778 2611 893 2689 quidem
926 2612 1016 2670 telum
1051 2615 1193 2673 sufficeret

180 2707 290 2766 dextra
342 2704 447 2783 Itaque
469 2704 507 2762 ad
529 2704 749 2781 exspoliandum
776 2725 879 2783 corpus
905 2708 954 2785 qui
980 2709 1191 2784 vulneraverat,

180 2803 274 2862 alacer
294 2800 400 2881 gaudio
421 2800 552 2859 accurrit
594 2799 687 2869 Quem
708 2808 741 2858 ut
764 2802 883 2878 injicere
897 2803 1008 2879 corpori
1026 2823 1078 2862 suo
1092 2823 1192 2863 manus

180 2898 278 2972 sensit,
292 2897 386 2970 credo,
399 2895 497 2953 ultimi
518 2894 667 2953 dedecoris
687 2895 863 2974 indignitate
877 2905 1043 2972 commotus,
1066 2899 1192 2979 linquen-

180 2999 240 3050 tem
253 2991 398 3050 revocavit
420 2991 556 3064 animum,
570 2996 600 3047 et
620 2988 732 3047 nudum
756 2989 847 3047 hostis
867 2991 945 3049 latus
961 2994 981 3020 ¹⁰
990 2993 1121 3068 subjecto
1135 3015 1192 3052 mu-

179 3103 263 3143 crone
289 3084 394 3143 bausit
447 3084 592 3144 Jacebant
615 3085 691 3142 circa
717 3085 829 3163 Regem
856 3085 913 3143 tria
939 3105 1067 3164 corpora,
1094 3089 1193 3166 procul

180 3177 363 3254 stupentibus
376 3179 496 3238 11111111.
538 3179 604 3254 Ι111,
618 3186 652 3237 nt
674 3181 826 3258 antequam
840 3180 962 3240 ultimus
985 3182 1108 3259 spiritns
1130 3185 1193 3243 deli-

180 3279 268 3348 ceret,
282 3271 422 3330 dimicans
445 3275 505 3348 jam
529 3274 756 3352 extingueretur,
771 3272 869 3352 clypeo
891 3294 921 3334 se
935 3275 1060 3335 allevare
1075 3286 1194 3336 conatus

179 3375 243 3428 est:
265 3368 284 3396 ¹¹
295 3373 325 3424 et
347 3368 500 3443 postquam
526 3368 564 3425 ad
587 3368 791 3426 connitendum
812 3367 885 3426 nihil
907 3377 1054 3446 supererat
1077 3372 1193 3447 virium,

180 3466 301 3523 dexteri
325 3460 523 3538 impendentes
545 3481 640 3521 ramos
667 3463 838 3540 complexus,
867 3464 1000 3524 tentabat
1032 3447 1193 3546 assurgere.

181 3560 240 3622 Sed
252 3579 289 3618 ne
301 3559 343 3618 sic
355 3557 472 3636 quidem
484 3564 587 3633 potens
596 3559 732 3641 corporis,
753 3577 852 3617 rursus
872 3559 903 3616 in
916 3579 1009 3637 genua
1021 3564 1194 3639 procumbit,

180 3674 267 3712 manu
280 3671 439 3731 provocans
452 3651 557 3727 hostes,
571 3652 675 3730 siquis
688 3653 822 3730 congredi
837 3654 973 3728 auderet,

245 3752 288 3808 17.
311 3748 439 3807 Tandem
464 3748 618 3806 Peucestes
640 3766 692 3824 per
719 3747 806 3806 aliam
830 3748 928 3825 oppidi
954 3757 1075 3826 partem,
1099 3751 1194 3812 detur·

182 3841 260 3902 batis
272 3843 539 3922 propugnatoribus,
554 3841 658 3902 1²muri
679 3842 803 3922 vestigia
815 3863 994 3922 persequens,
1010 3845 1086 3926 Regi
1100 3867 1195 3928 super·
