2592 4400
151 340 213 397 252
502 351 642 403 ourrrr
668 352 807 393 courir

148 514 200 553 nec
213 512 299 553 susos
311 510 481 572 repugnare,
496 478 636 551 tredecim
650 488 840 551 mservsndos
851 490 1023 551 custodibus
1036 493 1175 571 corporis

150 588 281 647 tradidit

208 680 272 742 ΙΙΙ.
293 685 321 741 9.
332 672 420 752 ‘Quis
434 681 566 741 crederet
580 700 686 741 ssevsm
700 679 787 758 puulb
801 681 870 739 sntd
886 680 1055 741 concionem
1071 683 1173 744 obtor-

149 778 248 857 puisse
270 777 368 838 subito
391 778 494 835 metul
515 785 556 851 et,
579 776 669 835 'edm
689 774 740 834 ud·
752 774 927 853 supplicium
941 776 1058 836 videret
1079 778 1172 854 trebi,

147 873 222 933 nihil
234 892 321 933 susos
333 872 469 953 graviore
482 873 572 952 quim
586 878 724 947 eeteros3

735 963 757 1030 [Ι
763 970 816 1015 tsm
824 964 929 1015 effusum
938 969 1015 1015 antee
1025 964 1169 1027 licentiam,

147 1054 226 1115 utque
242 1048 387 1099 seditiosam
404 1048 516 1097 militum
538 1045 688 1096 violentiam
706 1046 744 1097 its
763 1062 937 1113 compressum,
962 1052 991 1095 ut
1014 1063 1066 1096 non
1088 1049 1171 1099 modb

147 1130 233 1180 nullus
245 1146 277 1179 ex
288 1129 406 1179 omnibus
417 1127 525 1178 irruenti
536 1127 601 1193 Regi
619 1126 759 1187 restiterit;
777 1129 866 1177 verbm
878 1126 956 1177 etiem
969 1128 1054 1177 cuncti
1066 1145 1168 1195 pavore

148 1210 286 1263 exonimsti
298 1210 415 1261 attonitis
425 1209 526 1268 similes,
540 1208 602 1276 quid
620 1208 653 1258 de
671 1207 732 1275 ipsis
744 1210 845 1275 qubque
865 1210 921 1259 Rex
932 1208 1096 1259 statuendum
1108 1227 1168 1261 een-

147 1298 222 1354 seret,
231 1294 353 1358 suspenst
363 1295 448 1341 mente
459 1290 639 1355 expectarent!
673 1288 803 1356 ⁸Itsque],

834 1371 896 1431 sive
923 1372 1057 1445 nominis,
1084 1374 1168 1451 quod

147 1476 248 1547 gentes
261 1486 328 1547 quoe
341 1466 395 1527 sub
410 1466 544 1543 Regibus
566 1473 636 1525 sunt
659 1466 734 1524 inter
748 1465 826 1525 Deos
840 1467 948 1542 colunt,
964 1467 1025 1526 sive
1046 1470 1170 1546 propria

148 1564 241 1643 ipsius
263 1562 421 1636 veneratio,
444 1562 505 1620 sire
528 1562 634 1619 fiducie
658 1564 741 1619 tenti
762 1562 793 1621 vi
816 1562 979 1620 exercentis
1002 1563 1168 1640 imperium,

148 1658 309 1719 contenuit
322 1677 381 1733 eos,
396 1656 542 1735 singulare
555 1658 634 1715 certo
649 1656 804 1715 ediderunt
817 1657 967 1735 petientiae
982 1658 1147 1735 exemplum
1160 1678 1166 1735 3

146 1755 276 1834 odeoque
297 1772 354 1811 non
377 1758 445 1812 sunt
468 1750 580 1809 recensi
603 1750 744 1828 supplicio
764 1751 999 1827 commilitonum,
1023 1754 1091 1811 edm
1111 1754 1169 1814 sub

146 1858 258 1911 noctem
279 1847 445 1907 interlectos
465 1864 526 1905 esse
548 1849 677 1920 nossent,
690 1852 724 1903 ut
746 1846 820 1904 nihil
840 1846 997 1922 omiserint,
1010 1848 1087 1927 quod
1108 1850 1169 1909 sin-

146 1945 209 2026 guli
221 1942 312 2023 magis
326 1942 493 2003 obedienter
507 1960 539 2000 so
558 1941 606 2018 pie
620 1941 757 2000 fecerent.
800 1940 878 1999 Nem
898 1944 966 2000 crlm
988 1951 1102 2020 postero
1117 1945 1169 2005 die

147 2039 286 2118 prohibiti
310 2038 393 2097 editu
411 2038 565 2111 venissent,
579 2035 721 2095 Asiaticis
744 2036 831 2095 modb
855 2035 997 2098 militibus
1022 2036 1168 2117 admissis,

147 2134 299 2215 lugubrem
312 2133 384 2191 totis
397 2132 501 2191 eastris
519 2130 636 2189 edidere
661 2130 822 2206 clamorem,
837 2131 1041 2191 denunciantes
1055 2152 1086 2191 se
1101 2154 1170 2212 pro-

147 2232 230 2290 tinus
254 2249 316 2288 esse
340 2229 505 2302 morituros,
529 2227 555 2286 si
579 2227 646 2286 Rex
673 2234 869 2304 perseveraret
894 2227 988 2287 irasci.
1040 2229 1086 2287 At
1114 2231 1170 2291 ille

147 2325 321 2404 ‘pervicacis
334 2323 372 2381 od
393 2323 496 2397 omnio,
509 2341 574 2401 quoe
587 2323 734 2401 ngitdsset,
749 2321 847 2396 enimi,
860 2322 1076 2402 peregrinorum
1090 2327 1169 2386 mili·

147 2428 210 2479 tnm
224 2419 388 2477 concionem
403 2417 536 2476 advocari
554 2417 647 2494 jubet,
663 2417 869 2477 Macedonibus
889 2419 966 2478 intre
979 2427 1076 2478 castre
1090 2421 1168 2480 cobi-

145 2516 235 2592 bitis,
257 2522 286 2573 et
307 2516 375 2571 oiim
395 2513 561 2591 frequentes
584 2517 721 2589 coissent,
744 2512 874 2574 adhibito
894 2514 1062 2592 interprete,
1076 2517 1166 2578 telem

147 2611 305 2672 cretionem
317 2609 435 2669 hebuit:

211 2709 253 2766 10.
276 2710 292 2739 “
305 2704 378 2766 (lim
390 2724 427 2762 ex
440 2703 559 2780 Europe
573 2704 734 2781 trajicerem
755 2704 787 2762 in
806 2705 918 2778 Asiam,
933 2704 1039 2764 multas
1052 2707 1169 2768 nobiles

145 2811 255 2884 gentes,
268 2819 401 2880 magnum
413 2800 472 2858 vim
484 2798 631 2858 hominum
644 2798 764 2876 imperio
778 2817 841 2858 meo
860 2819 905 2857 me
919 2793 1090 2860 additurum
1103 2822 1166 2862 esse

146 2898 304 2976 sperabam.
356 2895 420 2954 Neo
441 2895 576 2972 deceptus
599 2913 683 2972 sum„
695 2894 788 2973 'quod
814 2894 849 2953 de
872 2893 918 2952 his
939 2893 1050 2954 credidi
1070 2896 1164 2958 fames.

147 2993 205 3053 Sed
228 2993 266 3050 ed
286 2992 338 3050 ille
357 2991 410 3048 hoo
424 2992 537 3068 qubque
559 2990 688 3064 occessit,
700 2989 778 3069 qubd
792 2989 877 3050 video
890 2990 979 3048 fortes
993 2989 1073 3050 viros
1096 3013 1167 3072 ergo

131 3083 242 3165 ‘Reges
255 3104 323 3143 suos
336 3083 453 3161 pietatis
475 3083 599 3144 invictae.
650 3086 736 3144 Luxu
749 3084 864 3143 “omnia
876 3085 963 3143 fluere
977 3083 1164 3162 credideram,

147 3191 177 3240 et
200 3179 291 3237 nimie
313 3179 454 3237 felicitate
477 3179 570 3257 mergi
590 3179 623 3236 in
643 3179 812 3257 voluptates.
862 3179 906 3238 At
926 3179 1044 3238 hercule
1066 3183 1164 3242 munis

146 3275 261 3336 militiae
274 3273 328 3333 boc
350 3273 510 3332 animorum
532 3293 739 3354 corporumque
760 3274 861 3334 robore
876 3274 996 3354 impigre
1010 3276 1162 3354 toleretis3

145 3379 176 3431 et
197 3375 262 3430 eim
283 3370 374 3428 fortes
387 3368 445 3428 viri
467 3369 542 3445 sitis,
564 3389 623 3428 non
641 3369 842 3428 fortitudinem
862 3369 955 3449 magis
967 3373 1055 3449 quim
1076 3373 1164 3432 fidem

146 3467 250 3526 colitis.
305 3465 391 3524 ⁷Hoc
417 3483 470 3544 ego
496 3484 571 3523 nuno
597 3465 720 3543 primum
746 3465 888 3541 profiteor,
917 3465 968 3523 sed
995 3465 1066 3524 olim
1093 3469 1162 3530 scio.

146 3561 251 3641 Itaque
274 3568 304 3620 et
328 3560 471 3619 delectum
490 3559 601 3619 euobis
620 3561 767 3636 juniorum
790 3559 886 3636 hebui,
909 3575 939 3618 eo
961 3579 1012 3620 vos
1034 3581 1163 3622 meorum

89 3642 98 3654 ⁹
145 3657 273 3716 militum
294 3655 407 3732 corpori
430 3655 579 3714 immiscui.
622 3654 705 3713 Idem
726 3654 852 3730 habitus,
874 3655 973 3714 eedem
995 3675 1075 3714 arms
1095 3667 1163 3722 sunt

145 3751 235 3812 vobis.
280 3749 457 3829 Obsequium
471 3751 538 3807 verb
559 3757 590 3807 et
611 3750 752 3827 patientie
776 3750 891 3828 imperii
914 3751 1000 3830 longe
1023 3762 1163 3830 praestun·

144 3847 205 3906 tior
230 3853 276 3905 est
300 3846 389 3924 quim
420 3843 539 3904 eaeteris
595 3844 676 3922 Ergb
703 3844 765 3922 ipse
798 3843 920 3906 Oxetris
947 3845 1047 3907 Perses
1073 3849 1163 3910 lilim
