2592 4400
387 372 511 413 ursan
542 372 612 411 ιιι.
643 371 729 411 car.
762 372 816 417 vr.
1057 355 1107 413 161

79 509 197 591 Itaque
222 515 278 570 sut
302 518 403 589 sponte
427 514 489 589 jam
510 518 614 587 motos,
638 518 719 569 metu
743 530 836 589 poenae
860 510 938 570 hand
958 510 1111 569 difficulter

79 606 362 667 concitaveruutad
375 627 464 667 arma.
505 607 685 681 Alexander,
707 608 924 685 transfugarum
950 608 1109 666 defectione

79 706 249 779 comperte,
271 700 424 761 Craterum
446 700 580 760 obsidere
604 700 773 779 Cyropolim
792 702 884 778 jubet.
930 700 999 778 Ipse
1020 702 1108 761 sliam

79 798 190 855 urbem
215 796 342 873 regionis
363 795 494 872 ejusdem
519 799 624 878 corona
647 796 905 874 capit:.signoque
928 804 962 853 ιιι
984 796 1109 873 puberes

79 892 335 966 interficerentur,
350 891 429 967 dato,
443 890 550 969 reliqui
563 891 593 949 iu
606 891 734 969 praedam
749 894 861 949 cessere
874 891 1002 950 victoris.
1028 891 1108 953 Urbs

79 987 196 1045 diruta·
204 994 259 1061 est,
273 992 308 1045 ut
328 987 427 1046 caeteri
448 986 539 1045 cladis
554 988 618 1063 ejus
631 986 765 1064 exemplo
779 985 1002 1045 continerentur.
1046 988 1106 1047 Me·
1121 1024 1124 1029 >

79 1081 209 1158 maceni,
231 1081 328 1140 valida
348 1100 429 1160 gens,
451 1081 639 1155 obsidionem,
661 1100 718 1139 non
738 1088 773 1139 ut
793 1081 988 1141 honestiorem
1008 1082 1106 1157 modb,

79 1177 134 1234 sed
159 1178 252 1235 etiam
273 1183 308 1234 ut
331 1176 467 1235 tutiorem
492 1177 569 1235 ferre
592 1176 786 1237 decreverant.
830 1176 881 1236 Ad
901 1196 1023 1256 quorum
1043 1196 1106 1254 per-

81 1272 227 1330 tinaciam
254 1271 446 1349 mitigandam
474 1271 542 1331 Rex
573 1272 783 1351 quinquaginta
810 1272 923 1350 equites
956 1272 1105 1349 praemisit,

79 1368 133 1445 qui
162 1367 348 1425 clementiam
376 1367 469 1445 ipsius
501 1368 532 1425 in
566 1366 691 1440 deditos,
720 1366 863 1445 simulque
897 1367 1105 1427 inexorabilem

80 1464 217 1521 animum
240 1463 272 1521 in
296 1462 426 1523 devictos
449 1462 645 1521 ostenderent.
689 1462 740 1522 Illi
767 1482 820 1521 nec
843 1462 878 1521 de
906 1463 972 1536 fide,
994 1484 1047 1523 nec
1068 1464 1105 1523 de

78 1560 221 1635 potentis
235 1559 327 1637 Regis
341 1559 420 1635 ipsos
434 1558 568 1618 dubitare
588 1558 772 1635 respondent,
794 1559 964 1638 equitesque
987 1560 1105 1619 tendere

80 1661 169 1712 extra
182 1654 365 1712 munimenta
377 1654 460 1713 urbis
471 1654 583 1730 jubent
626 1653 825 1731 Hospitaliter
840 1653 945 1713 deinde
959 1662 1105 1731 exceptos,

80 1768 249 1828 gravesque
274 1749 370 1826 epulis
396 1756 426 1807 et
453 1768 561 1826 somno,
582 1748 759 1825 intempeste
783 1756 868 1807 nocte
895 1749 992 1807 adorti
1019 1750 1106 1808 inter·

81 1846 228 1903 lecerunt.
966 1870 968 1877 ·
1119 1911 1121 1916 ¹
1158 1915 1163 1922 .

144 1944 194 1999 26.
219 1939 388 1998 Alexander
409 1939 487 1998 haud
510 1941 595 1998 sectis
616 1940 705 2017 quim
726 1958 778 2018 par
800 1945 864 1997 crat
885 1946 989 2014 motus,
1003 1938 1105 1998 urbem

83 2038 193 2093 corona
216 2033 417 2108 circumdedit,
432 2034 618 2092 munitiorem
640 2035 728 2113 quam
751 2041 786 2091 ut
806 2032 902 2111 primo
917 2034 1027 2110 impetu
1041 2034 1105 2110 capi

82 2137 192 2207 posset.
236 2129 342 2208 Itaque
366 2128 547 2207 Meleagrum
569 2134 600 2187 et
622 2128 793 2187 Perdiccam
814 2128 844 2187 in
859 2128 1007 2188 obsidione
1027 2130 1105 2207 [ejus

84 2225 246 2305 relinquit,
268 2226 330 2303 ipse
344 2245 410 2282 cum
430 2224 550 2303 reliquis
571 2225 728 2302 profectus,
743 2224 860 2284 Crateri
880 2244 995 2304 quoquc
1009 2225 1106 2303 copias

85 2322 160 2396 suis]
187 2321 296 2398 jungit,
324 2319 501 2398 Cyropolim,
530 2319 575 2396 (ut
602 2321 671 2378 antd
705 2321 815 2380 dictum
844 2328 900 2400 est)
929 2320 1104 2380 obsidentes.

86 2415 242 2476 Statuerat
263 2423 360 2475 autem
382 2435 501 2493 parcere
523 2415 589 2510 upbi
611 2415 737 2476 condita
761 2437 778 2474 a
801 2391 899 2496 Cyro:
920 2417 1027 2496 quippe
1049 2437 1106 2476 non

85 2511 178 2570 alium
206 2511 339 2591 gentium
366 2512 484 2569 illarum
516 2511 609 2590 magis
636 2511 798 2570 admiratus
826 2519 880 2587 est,
908 2513 995 2591 quiam
1029 2512 1106 2572 hunc

86 2606 203 2688 Regem
224 2615 256 2666 et
277 2606 468 2681 Semiramim,
482 2625 555 2684 quos
576 2614 607 2665 et
630 2607 829 2684 magnitudine
854 2608 952 2682 animi,
968 2615 999 2666 ct
1022 2608 1105 2666 clari·

86 2709 147 2763 tate
172 2723 271 2762 rerum
293 2702 379 2780 longe
402 2701 553 2760 emicuisse
575 2702 721 2762 credebat.
774 2701 923 2762 Caeterum
946 2703 1107 2780 pertinacia

87 2800 300 2877 oppidanorum
326 2800 391 2874 ejus
424 2797 496 2856 iram
530 2796 671 2856 accendit.
728 2796 834 2876 Itaque
861 2803 975 2876 captam
1005 2797 1106 2856 urbem

88 2894 178 2973 diripi
189 2894 279 2972 jussit
291 2900 323 2952 et
336 2892 437 2951 deleri.
471 2893 556 2968 Tum,
567 2893 744 2952 Memacenis
758 2893 835 2952 haud
850 2893 959 2969 injuriat
972 2893 1105 2968 infestus,

88 2989 124 3048 ad
148 2990 333 3066 Meleagrum
354 2995 385 3045 et
407 2987 577 3047 Perdiccam
597 2987 682 3046 redit.
727 2987 786 3048 Sed
806 3007 864 3047 non
885 2987 942 3046 alia
962 2985 1031 3048 urbs
1051 2990 1106 3048 sor·

88 3085 145 3144 tiis
158 3085 342 3144 obsidionem
356 3083 444 3159 tulit,
465 3083 574 3163 quippe
588 3090 619 3141 et
639 3085 659 3111 ¹⁰
668 3083 794 3142 militum
814 3081 1022 3162 promptissimi
1036 3084 1106 3144 ceci-

90 3179 167 3259 dere,
192 3187 223 3239 et
249 3179 313 3257 ipse
337 3178 405 3237 Rex
427 3179 464 3237 sd
485 3177 622 3236 ultimum
649 3178 811 3256 periculum
832 3180 921 3238 venit
974 3179 1106 3259 Namque

90 3283 188 3338 cervix
210 3278 275 3352 ejus
299 3294 370 3333 saxo
383 3274 427 3332 ita
449 3274 509 3333 icta
532 3281 587 3348 est,
601 3282 635 3332 ut
650 3274 740 3334 oculis
763 3275 887 3352 caligine
907 3277 1001 3334 offusa
1023 3275 1106 3334 colla·

91 3369 215 3445 beretur,
231 3372 298 3428 une
319 3369 424 3428 mentis
446 3369 563 3448 quidem
585 3388 710 3447 compos.
754 3369 911 3429 Exercitus
932 3371 1011 3430 certe
1025 3371 1107 3429 velut

92 3475 191 3546 erepto
213 3486 248 3525 ec
262 3464 413 3544 ingemuit.
455 3464 515 3525 Sed
537 3465 663 3524 invictus
685 3463 824 3524 adversus
845 3485 879 3524 ea
901 3485 966 3543 quae
986 3471 1107 3524 caeteros

93 3565 212 3637 terrent,
227 3561 356 3621 nondum
372 3562 393 3590 ¹²
403 3568 557 3638 percurato
566 3561 694 3637 vulnere,
708 3562 807 3620 sorids
822 3561 965 3620 obsidioni
980 3561 1105 3636 institit;

93 3659 253 3719 naturalem
269 3657 289 3685 ¹³
300 3656 479 3715 celeritatem
498 3657 544 3714 ira
557 3657 728 3715 concitante.
781 3655 922 3716 Cuniculo
937 3656 1005 3731 ergd
1021 3655 1106 3714 ¹⁴sul-

93 3753 168 3815 fossa
202 3753 310 3814 moenia
337 3752 439 3832 ingens
465 3751 611 3812 nudavere
639 3751 775 3831 spatium,
803 3771 855 3830 per
882 3750 961 3829 quod
992 3750 1105 3829 irrupit,

95 3850 241 3933 uictorque
253 3849 357 3910 urbem
371 3847 448 3907 dirui
458 3847 557 3926 jussit
