2592 4400
155 422 217 481 256
499 436 638 487 ou1sr1
666 436 821 477 cussis.

154 577 233 639 bant
281 576 405 637 Assueti
424 575 478 638 sub
500 575 582 655 Rege
604 574 708 650 virere,
735 594 792 635 non
819 574 916 650 alium,
943 575 994 653 qui
1020 575 1182 653 imperaret

156 673 236 751 ipsis,
251 670 412 752 digniorem
425 671 517 730 fuisse
535 671 750 733 confitebantur.
793 669 855 730 Neo
874 670 965 729 muris
979 670 1061 731 urbis
1081 670 1181 729 luctus

158 767 364 841 continebatur,
378 766 431 825 sed
452 766 612 843 proximam
632 766 778 845 regionem
799 766 835 826 ab
855 769 898 841 ab,
913 765 1019 825 deinde
1041 784 1179 844 magnam

155 870 267 941 partem
280 861 363 921 Asiae
376 861 420 919 cis
432 860 612 939 Euphratem
631 860 708 919 tanti
728 860 799 919 mali
819 860 896 919 fama
908 866 1082 939 pervaserat.
1127 859 1180 919 Ad

157 957 240 1017 Darii
261 961 377 1035 quoque
399 964 522 1019 matrem
549 954 680 1015 celeriter
703 956 815 1033 perlate
842 962 894 1016 est
945 955 1086 1015 Abscissa
1106 974 1180 1037 ergo

155 1062 245 1134 veste,
257 1057 316 1132 quat
337 1052 441 1111 induta
461 1058 534 1127 erat,
549 1051 701 1131 lugubrem
723 1052 865 1129 sumpsit:
887 1051 1078 1130 laceratisque
1091 1051 1179 1111 crini·

156 1150 219 1224 bus,
232 1148 313 1207 humi
336 1166 439 1225 corpus
459 1146 573 1224 abjecit
615 1146 773 1207 Assidebat
793 1147 820 1205 ei
843 1149 862 1177 ¹⁰
873 1146 965 1206 altera
979 1166 1015 1205 cx
1028 1147 1178 1224 neptibus,
1286 1178 1287 1199 t

156 1264 246 1322 nuper
260 1244 397 1303 amismm
410 1242 654 1320 Hephaestionem,
669 1242 715 1301 cui
729 1249 875 1320 nupserat,
889 1243 1010 1322 lugens;
1032 1242 1179 1321 proprias·

156 1360 212 1421 qus
233 1358 335 1399 causas
356 1338 466 1397 doloris
487 1338 518 1396 in
538 1340 681 1397 communi
702 1339 842 1399 moestitiis
857 1341 877 1368 ¹¹
888 1338 1073 1399 retractabat
1115 1338 1181 1399 sed

157 1436 285 1496 omnium
305 1454 422 1494 suorum
444 1434 521 1492 mala
543 1435 722 1513 Sysigambis
742 1454 801 1493 nna
822 1434 960 1512 capiebat
1001 1434 1063 1493 Illa
1082 1454 1179 1511 suam,

157 1530 209 1590 illa
221 1528 349 1605 neptium
362 1528 455 1587 vinem
467 1528 562 1590 flebat.
603 1530 715 1589 Recens
729 1530 810 1589 dolor
824 1528 914 1588 etiam
926 1530 1076 1607 praeterita
1094 1549 1182 1590 revo-

156 1630 278 1685 caverat
321 1622 461 1684 Crederes
472 1624 559 1683 modd
571 1625 710 1684 ammaum
721 1624 852 1699 Darium,
868 1626 888 1655 ¹¹
899 1630 929 1683 et
942 1624 1051 1702 pariter
1063 1625 1183 1687 miserae

158 1722 278 1780 duorum
305 1718 428 1778 liliorum
454 1719 589 1797 exequias
614 1698 857 1779 esse⁰duoendas
913 1719 1018 1780 Flebat
1044 1727 1180 1781 mortuos

157 1816 243 1877 simul
256 1816 400 1894 ususque.
444 1813 535 1885 Quem
548 1815 623 1873 enim
644 1815 805 1893 puellarum
826 1822 957 1874 acturum
976 1834 1039 1875 cese
1054 1817 1181 1877 curam?

159 1911 252 1983 Quem
265 1912 356 1971 alium
376 1912 509 1970 futurum
530 1910 755 1969 Alexandrum?
795 1910 908 1969 Iterum
929 1930 990 1971 esse
1011 1930 1042 1971 se
1056 1918 1178 1989 captas3

158 2008 263 2067 iterum
289 2007 430 2067 excidisse
454 2025 551 2085 regno.
605 2002 663 2075 Qui
689 2012 801 2065 mortuo
825 2006 915 2066 Dario
938 2006 1015 2084 ipsas
1035 2013 1181 2085 tueretur,

158 2102 316 2180 reperisse:
349 2101 400 2181 qui
423 2107 488 2178 post
512 2100 711 2159 Alexandrum
732 2100 893 2178 respiceret,
922 2101 1022 2179 ntique
1047 2122 1106 2161 non
1131 2124 1180 2163 re-

32 2260 38 2268 ,
157 2206 298 2276 pertusas
340 2195 464 2257 Subibat
486 2196 563 2255 inter
583 2194 645 2256 haec
668 2195 802 2271 animum,
816 2198 963 2275 octogiuta
981 2198 1088 2257 fratres
1108 2217 1181 2259 suos

158 2293 259 2351 eodem
272 2292 319 2350 die
333 2291 370 2351 ab
385 2291 468 2353 Ocho
481 2290 638 2351 saevissimo
661 2291 775 2371 Regum
788 2293 957 2367 trucidatos,
972 2293 1180 2373 adjectumque

91 2397 95 2403 ’
158 2387 307 2466 stragitot
327 2387 452 2446 filiorum
473 2395 593 2464 patrem.
635 2387 794 2464 Eeeptem
814 2387 924 2463 liberis,
938 2407 1008 2468 quos
1028 2391 1180 2468 genuisset

158 2483 230 2560 ipsa,
256 2482 371 2540 ¹'unum
395 2500 563 2558 superesse:
594 2483 690 2559 ipsum
713 2482 836 2541 Darium
862 2484 991 2542 floruisse
1017 2484 1178 2564 paulisper,
1286 2525 1287 2570 ,

158 2584 192 2636 ut
204 2575 353 2635 crudelius
375 2582 473 2654 posset
486 2575 627 2655 extingui.
669 2577 719 2636 Ad
740 2577 875 2636 ultimum
897 2577 989 2637 dolori
1013 2580 1178 2658 succubuit,
1286 2575 1287 2630 l

159 2671 350 2750 obvolutoque
364 2671 458 2748 capite
478 2670 637 2730 assidentes
650 2671 771 2750 genibus
785 2672 846 2732 suis
859 2680 974 2751 neptem
986 2683 1179 2755 nepotemque
1284 2713 1287 2742 π,

159 2774 299 2843 aversata,
323 2767 387 2827 cibo
410 2765 521 2844 pariter
544 2765 686 2826 abstinuit
710 2775 740 2826 et
763 2767 834 2827 luce.
878 2767 998 2844 Quinto,
1023 2777 1178 2850 postquam

158 2865 232 2924 mori
252 2870 402 2937 statuerat,
426 2862 473 2922 die
495 2861 621 2920 extincta
643 2868 697 2922 est.
741 2862 758 2891 ¹⁴
769 2862 908 2942 Magnum
930 2864 1058 2941 profecto
1086 2867 1177 2926 Alex·
1286 2909 1287 2914 κ

159 2960 242 3019 andri
257 2958 447 3038 indulgentiae
459 2957 490 3016 in
504 2977 575 3033 eam,
597 2957 774 3036 justitiaeque
795 2958 826 3016 in
841 2977 936 3028 omnes
949 2959 1077 3037 captiuos
1093 2962 1176 3022 docu-

159 3063 287 3114 mentum
307 3061 354 3113 est
374 3073 453 3114 mors
473 3052 561 3130 hujus
568 3073 578 3148 ‚²
598 3073 664 3132 quae
684 3055 749 3110 eim
770 3053 955 3114 sustinuisset
973 3063 1038 3133 post
1052 3055 1177 3118 Darium
1286 3069 1287 3142 ᾗ

159 3150 265 3223 vivere,
279 3147 449 3206 Alexandro
463 3167 525 3207 esse
538 3155 683 3225 superstes
696 3147 820 3208 erubuit
1286 3145 1287 3160 ¹

223 3245 267 3302 15.
290 3243 333 3301 Et
352 3242 469 3300 hercule
485 3243 589 3320 ¹'juste
609 3243 822 3302 aestimantibus
844 3243 955 3322 Regem
976 3243 1077 3323 liquet,
1100 3247 1177 3306 bona
1286 3245 1287 3266 ¹

159 3348 272 3400 naturae
286 3341 349 3416 ejus
362 3337 472 3414 faisse5
494 3337 567 3396 vitia
580 3338 628 3399 vel
649 3339 784 3413 fortuuae,
800 3337 846 3398 vel
866 3339 969 3397 aetatis.
1013 3339 1069 3399 Vis
1084 3341 1176 3404 incre·

160 3436 260 3496 dibilis
273 3435 377 3510 animi3
399 3433 507 3494 laboris
520 3434 664 3511 patientia
674 3435 880 3512 propemodum
902 3435 1009 3512 nimia3
1032 3437 1177 3502 fortitudo

159 3553 216 3592 non
229 3531 413 3612 interIteges
427 3530 514 3589 modu
526 3530 681 3605 excellens,
703 3530 754 3589 sed
775 3529 852 3590 iuter
872 3531 939 3590 illos
959 3533 1084 3611 quoque,
1107 3555 1177 3613 quo·

159 3649 222 3687 rum
237 3628 300 3686 hacc
313 3626 374 3685 sola
387 3626 483 3686 virtus
497 3625 575 3701 fuit,
598 3625 761 3683 liberalitas
783 3629 860 3703 saepe
881 3629 992 3704 majora
1006 3628 1176 3706 tribuentis,
1284 3689 1287 3704 ,

159 3724 246 3801 qudm
260 3743 277 3780 a
292 3723 357 3780 Diis
371 3729 526 3798 petuntur;
548 3720 701 3778 clementia
721 3721 751 3778 in
772 3721 920 3797 devictos,
945 3729 991 3780 tot
1011 3743 1102 3800 regna
1123 3733 1178 3785 aut

161 3817 286 3891 reddite,
300 3817 409 3895 quibus
429 3835 463 3874 es
484 3815 649 3892 dempserat
672 3814 757 3890 bello,
782 3825 834 3876 aut
855 3816 929 3876 dono
953 3817 1036 3894 data3
1060 3821 1174 3898 mortis¹

160 3913 243 3987 cujus
256 3919 351 3970 metus
364 3918 485 3970 cataros
498 3912 656 3985 exanimat,
667 3918 809 3990 perpetua
829 3913 1022 3992 contemptio,
1045 3915 1176 3994 ”gloriae
1280 3935 1287 3983 ‚¹
