<?xml version="1.0" encoding="UTF-8"?>
<!DOCTYPE html PUBLIC "-//W3C//DTD XHTML 1.0 Transitional//EN"
    "http://www.w3.org/TR/xhtml1/DTD/xhtml1-transitional.dtd">
<html xmlns="http://www.w3.org/1999/xhtml" xml:lang="en" lang="en">
 <head>
  <title>
</title>
<meta http-equiv="Content-Type" content="text/html;charset=utf-8" />
  <meta name='ocr-system' content='tesseract 3.04.00' />
  <meta name='ocr-capabilities' content='ocr_page ocr_carea ocr_par ocr_line ocrx_word'/>
</head>
<body>
  <div class='ocr_page' id='page_1' title='image "./quintuscurtiusr00crosgoog_0027.png"; bbox 0 0 2592 4400; ppageno 0'>
   <div class='ocr_carea' id='block_1_1' title="bbox 240 377 888 440">
    <p class='ocr_par' dir='ltr' id='par_1_1' title="bbox 240 377 888 440">
     <span class='ocr_line' id='line_1_1' title="bbox 240 377 888 440; baseline -0.005 -7"><span class='ocrx_word' id='word_1_1' title='bbox 240 377 274 433; x_wconf 78' lang='lat'><strong>14</strong></span> <span class='ocrx_word' id='word_1_2' title='bbox 583 391 720 440; x_wconf 78' lang='lat' dir='ltr'><strong>Qururr</strong></span> <span class='ocrx_word' id='word_1_3' title='bbox 749 392 888 432; x_wconf 71' lang='lat' dir='ltr'><strong>cuerit</strong></span> 
     </span>
    </p>
   </div>
   <div class='ocr_carea' id='block_1_2' title="bbox 124 528 1244 1556">
    <p class='ocr_par' dir='ltr' id='par_1_2' title="bbox 124 528 1244 1556">
     <span class='ocr_line' id='line_1_2' title="bbox 234 528 1243 609; baseline -0.001 -19"><span class='ocrx_word' id='word_1_4' title='bbox 234 537 356 590; x_wconf 78' lang='lat' dir='ltr'><strong>raserat.</strong></span> <span class='ocrx_word' id='word_1_5' title='bbox 400 528 569 589; x_wconf 76' lang='lat' dir='ltr'>Alexander</span> <span class='ocrx_word' id='word_1_6' title='bbox 582 529 681 588; x_wconf 83' lang='lat' dir='ltr'><strong>fauoes</strong></span> <span class='ocrx_word' id='word_1_7' title='bbox 698 531 772 609; x_wconf 81' lang='lat' dir='ltr'><strong>ju&#39;gi,</strong></span> <span class='ocrx_word' id='word_1_8' title='bbox 784 550 851 609; x_wconf 88' lang='lat' dir='ltr'><strong>quae</strong></span> <span class='ocrx_word' id='word_1_9' title='bbox 865 531 885 560; x_wconf 83' lang='lat'><strong>¹⁴</strong></span> <span class='ocrx_word' id='word_1_10' title='bbox 895 529 986 608; x_wconf 72' lang='lat' dir='ltr'><strong>Pyla</strong></span> <span class='ocrx_word' id='word_1_11' title='bbox 999 532 1243 609; x_wconf 62' lang='lat' dir='ltr'><strong>appellantu,</strong></span> 
     </span>
     <span class='ocr_line' id='line_1_3' title="bbox 234 625 1227 704; baseline 0 -19"><span class='ocrx_word' id='word_1_12' title='bbox 234 627 329 685; x_wconf 73' lang='lat' dir='ltr'><strong>travit.</strong></span> <span class='ocrx_word' id='word_1_13' title='bbox 374 625 595 702; x_wconf 75' lang='lat' dir='ltr'><strong>Contemplatus</strong></span> <span class='ocrx_word' id='word_1_14' title='bbox 614 625 743 683; x_wconf 88' lang='lat' dir='ltr'><strong>locorum</strong></span> <span class='ocrx_word' id='word_1_15' title='bbox 763 626 861 699; x_wconf 81' lang='lat' dir='ltr'><strong>sitnm,</strong></span> <span class='ocrx_word' id='word_1_16' title='bbox 876 627 967 685; x_wconf 80' lang='lat' dir='ltr'><strong>¹&#39;nou</strong></span> <span class='ocrx_word' id='word_1_17' title='bbox 981 626 1078 685; x_wconf 73' lang='lat' dir='ltr'><strong>slids</strong></span> <span class='ocrx_word' id='word_1_18' title='bbox 1097 629 1227 704; x_wconf 80' lang='lat' dir='ltr'><strong>magis</strong></span> 
     </span>
     <span class='ocr_line' id='line_1_4' title="bbox 130 719 1244 799; baseline 0.003 -22"><span class='ocrx_word' id='word_1_19' title='bbox 130 719 283 779; x_wconf 63' lang='lat' dir='ltr'><strong>‘uerear</strong></span> <span class='ocrx_word' id='word_1_20' title='bbox 297 720 457 780; x_wconf 72' lang='lat' dir='ltr'><strong>admiratus</strong></span> <span class='ocrx_word' id='word_1_21' title='bbox 471 739 534 778; x_wconf 90' lang='lat' dir='ltr'><strong>esse</strong></span> <span class='ocrx_word' id='word_1_22' title='bbox 554 720 725 778; x_wconf 76' lang='lat' dir='ltr'><strong>felicitatem</strong></span> <span class='ocrx_word' id='word_1_23' title='bbox 738 739 836 778; x_wconf 81' lang='lat' dir='ltr'><strong>susm:</strong></span> <span class='ocrx_word' id='word_1_24' title='bbox 857 720 942 780; x_wconf 87' lang='lat' dir='ltr'><strong>obrui</strong></span> <span class='ocrx_word' id='word_1_25' title='bbox 961 721 1128 799; x_wconf 83' lang='lat' dir='ltr'><strong>potuisse</strong></span> <span class='ocrx_word' id='word_1_26' title='bbox 1146 722 1209 782; x_wconf 85' lang='lat' dir='ltr'><strong>vel</strong></span> <span class='ocrx_word' id='word_1_27' title='bbox 1228 741 1244 780; x_wconf 85' lang='lat' dir='ltr'><strong>s</strong></span> 
     </span>
     <span class='ocr_line' id='line_1_5' title="bbox 233 814 1185 893; baseline 0 -19"><span class='ocrx_word' id='word_1_28' title='bbox 233 817 432 890; x_wconf 83' lang='lat' dir='ltr'><strong>confitebatur,</strong></span> <span class='ocrx_word' id='word_1_29' title='bbox 447 815 611 874; x_wconf 86' lang='lat' dir='ltr'><strong>sifuissent</strong></span> <span class='ocrx_word' id='word_1_30' title='bbox 632 814 684 893; x_wconf 87' lang='lat' dir='ltr'><strong>qui</strong></span> <span class='ocrx_word' id='word_1_31' title='bbox 705 815 736 872; x_wconf 91' lang='lat' dir='ltr'><strong>iu</strong></span> <span class='ocrx_word' id='word_1_32' title='bbox 760 816 918 874; x_wconf 87' lang='lat' dir='ltr'><strong>subeuntes</strong></span> <span class='ocrx_word' id='word_1_33' title='bbox 938 816 1185 893; x_wconf 86' lang='lat' dir='ltr'><strong>propellerent.</strong></span> 
     </span>
     <span class='ocr_line' id='line_1_6' title="bbox 233 910 1244 990; baseline 0.001 -21"><span class='ocrx_word' id='word_1_34' title='bbox 233 911 283 969; x_wconf 81' lang='lat' dir='ltr'><strong>vix</strong></span> <span class='ocrx_word' id='word_1_35' title='bbox 298 912 318 940; x_wconf 83' lang='lat'><strong>¹⁸</strong></span> <span class='ocrx_word' id='word_1_36' title='bbox 328 918 483 990; x_wconf 85' lang='lat' dir='ltr'><strong>quaternos</strong></span> <span class='ocrx_word' id='word_1_37' title='bbox 497 910 628 987; x_wconf 79' lang='lat' dir='ltr'><strong>capiebat</strong></span> <span class='ocrx_word' id='word_1_38' title='bbox 641 918 776 969; x_wconf 77' lang='lat' dir='ltr'><strong>armatos</strong></span> <span class='ocrx_word' id='word_1_39' title='bbox 818 910 944 970; x_wconf 78' lang='lat' dir='ltr'><strong>Dorsum</strong></span> <span class='ocrx_word' id='word_1_40' title='bbox 955 911 1083 970; x_wconf 88' lang='lat' dir='ltr'><strong>montis</strong></span> <span class='ocrx_word' id='word_1_41' title='bbox 1100 911 1244 970; x_wconf 78' lang='lat' dir='ltr'><strong>immine</strong></span> 
     </span>
     <span class='ocr_line' id='line_1_7' title="bbox 233 1004 1244 1085; baseline 0 -21"><span class='ocrx_word' id='word_1_42' title='bbox 233 1005 296 1081; x_wconf 88' lang='lat' dir='ltr'><strong>vise,</strong></span> <span class='ocrx_word' id='word_1_43' title='bbox 310 1026 366 1065; x_wconf 90' lang='lat' dir='ltr'><strong>nou</strong></span> <span class='ocrx_word' id='word_1_44' title='bbox 377 1015 507 1084; x_wconf 83' lang='lat' dir='ltr'><strong>engustae</strong></span> <span class='ocrx_word' id='word_1_45' title='bbox 516 1006 610 1080; x_wconf 79' lang='lat' dir='ltr'><strong>modo,</strong></span> <span class='ocrx_word' id='word_1_46' title='bbox 622 1004 674 1064; x_wconf 87' lang='lat' dir='ltr'><strong>sed</strong></span> <span class='ocrx_word' id='word_1_47' title='bbox 684 1005 855 1084; x_wconf 87' lang='lat' dir='ltr'><strong>plerumque</strong></span> <span class='ocrx_word' id='word_1_48' title='bbox 865 1014 1039 1085; x_wconf 70' lang='lat' dir='ltr'><strong>praeruptas,</strong></span> <span class='ocrx_word' id='word_1_49' title='bbox 1054 1007 1195 1066; x_wconf 84' lang='lat' dir='ltr'><strong>crebris</strong></span> <span class='ocrx_word' id='word_1_50' title='bbox 1210 1007 1244 1065; x_wconf 92' lang='lat' dir='ltr'><strong>ol</strong></span> 
     </span>
     <span class='ocr_line' id='line_1_8' title="bbox 232 1100 1243 1180; baseline 0 -22"><span class='ocrx_word' id='word_1_51' title='bbox 232 1101 363 1160; x_wconf 84' lang='lat' dir='ltr'><strong>rantibus</strong></span> <span class='ocrx_word' id='word_1_52' title='bbox 388 1101 468 1172; x_wconf 82' lang='lat' dir='ltr'><strong>rivis,</strong></span> <span class='ocrx_word' id='word_1_53' title='bbox 483 1101 533 1180; x_wconf 91' lang='lat' dir='ltr'><strong>qui</strong></span> <span class='ocrx_word' id='word_1_54' title='bbox 554 1121 590 1160; x_wconf 85' lang='lat' dir='ltr'><strong>ex</strong></span> <span class='ocrx_word' id='word_1_55' title='bbox 611 1100 757 1159; x_wconf 79' lang='lat' dir='ltr'><strong>radicibus</strong></span> <span class='ocrx_word' id='word_1_56' title='bbox 781 1102 921 1158; x_wconf 84' lang='lat' dir='ltr'><strong>montium</strong></span> <span class='ocrx_word' id='word_1_57' title='bbox 944 1108 1090 1159; x_wconf 81' lang='lat' dir='ltr'><strong>manant.</strong></span> <span class='ocrx_word' id='word_1_58' title='bbox 1145 1101 1243 1158; x_wconf 80' lang='lat' dir='ltr'><strong>Thra</strong></span> 
     </span>
     <span class='ocr_line' id='line_1_9' title="bbox 124 1195 1244 1281; baseline -0.002 -25"><span class='ocrx_word' id='word_1_59' title='bbox 124 1221 133 1234; x_wconf 64' lang='lat'>⁴</span> <span class='ocrx_word' id='word_1_60' title='bbox 156 1199 329 1281; x_wconf 64' lang='lat' dir='ltr'><strong>dyctamen</strong></span> <span class='ocrx_word' id='word_1_61' title='bbox 343 1196 449 1255; x_wconf 88' lang='lat' dir='ltr'><strong>leviter</strong></span> <span class='ocrx_word' id='word_1_62' title='bbox 463 1203 589 1254; x_wconf 86' lang='lat' dir='ltr'><strong>srmatos</strong></span> <span class='ocrx_word' id='word_1_63' title='bbox 609 1195 773 1273; x_wconf 74' lang='lat' dir='ltr'><strong>praecedere</strong></span> <span class='ocrx_word' id='word_1_64' title='bbox 791 1198 929 1272; x_wconf 77' lang='lat' dir='ltr'><strong>jusserat,</strong></span> <span class='ocrx_word' id='word_1_65' title='bbox 943 1196 1155 1274; x_wconf 84' lang='lat' dir='ltr'><strong>scrutarique</strong></span> <span class='ocrx_word' id='word_1_66' title='bbox 1178 1197 1244 1254; x_wconf 86' lang='lat' dir='ltr'><strong>call</strong></span> 
     </span>
     <span class='ocr_line' id='line_1_10' title="bbox 232 1289 1244 1368; baseline 0 -20"><span class='ocrx_word' id='word_1_67' title='bbox 232 1309 268 1348; x_wconf 91' lang='lat' dir='ltr'><strong>ne</strong></span> <span class='ocrx_word' id='word_1_68' title='bbox 293 1290 423 1349; x_wconf 87' lang='lat' dir='ltr'><strong>occultus</strong></span> <span class='ocrx_word' id='word_1_69' title='bbox 451 1291 543 1349; x_wconf 89' lang='lat' dir='ltr'><strong>hostis</strong></span> <span class='ocrx_word' id='word_1_70' title='bbox 570 1289 600 1348; x_wconf 93' lang='lat' dir='ltr'><strong>in</strong></span> <span class='ocrx_word' id='word_1_71' title='bbox 627 1290 783 1350; x_wconf 88' lang='lat' dir='ltr'><strong>subeuntes</strong></span> <span class='ocrx_word' id='word_1_72' title='bbox 806 1298 978 1367; x_wconf 87' lang='lat' dir='ltr'><strong>erumperet.</strong></span> <span class='ocrx_word' id='word_1_73' title='bbox 1025 1290 1244 1368; x_wconf 74' lang='lat' dir='ltr'><strong>Sagittae-ion</strong></span> 
     </span>
     <span class='ocr_line' id='line_1_11' title="bbox 232 1385 1244 1464; baseline 0.002 -22"><span class='ocrx_word' id='word_1_74' title='bbox 232 1405 346 1464; x_wconf 90' lang='lat' dir='ltr'><strong>quoque</strong></span> <span class='ocrx_word' id='word_1_75' title='bbox 364 1404 467 1444; x_wconf 84' lang='lat' dir='ltr'><strong>manus</strong></span> <span class='ocrx_word' id='word_1_76' title='bbox 487 1392 679 1462; x_wconf 83' lang='lat' dir='ltr'><strong>occupaverat</strong></span> <span class='ocrx_word' id='word_1_77' title='bbox 695 1387 814 1463; x_wconf 87' lang='lat' dir='ltr'><strong>jugum:</strong></span> <span class='ocrx_word' id='word_1_78' title='bbox 835 1385 963 1444; x_wconf 86' lang='lat' dir='ltr'><strong>intentos</strong></span> <span class='ocrx_word' id='word_1_79' title='bbox 984 1405 1081 1444; x_wconf 86' lang='lat' dir='ltr'><strong>arcus</strong></span> <span class='ocrx_word' id='word_1_80' title='bbox 1105 1385 1244 1444; x_wconf 74' lang='lat' dir='ltr'><strong>habebar</strong></span> 
     </span>
     <span class='ocr_line' id='line_1_12' title="bbox 233 1478 1244 1556; baseline 0 -18"><span class='ocrx_word' id='word_1_81' title='bbox 233 1479 375 1553; x_wconf 68' lang='lat' dir='ltr'><strong>”moniti</strong></span> <span class='ocrx_word' id='word_1_82' title='bbox 389 1499 445 1538; x_wconf 88' lang='lat' dir='ltr'><strong>uon</strong></span> <span class='ocrx_word' id='word_1_83' title='bbox 461 1480 516 1538; x_wconf 85' lang='lat' dir='ltr'><strong>iter</strong></span> <span class='ocrx_word' id='word_1_84' title='bbox 530 1479 608 1556; x_wconf 85' lang='lat' dir='ltr'><strong>ipsos</strong></span> <span class='ocrx_word' id='word_1_85' title='bbox 622 1478 705 1551; x_wconf 89' lang='lat' dir='ltr'><strong>inire,</strong></span> <span class='ocrx_word' id='word_1_86' title='bbox 719 1479 771 1537; x_wconf 89' lang='lat' dir='ltr'><strong>sed</strong></span> <span class='ocrx_word' id='word_1_87' title='bbox 791 1479 935 1556; x_wconf 73' lang='lat' dir='ltr'><strong>pralium.</strong></span> <span class='ocrx_word' id='word_1_88' title='bbox 977 1479 1052 1538; x_wconf 90' lang='lat' dir='ltr'><strong>Hoc</strong></span> <span class='ocrx_word' id='word_1_89' title='bbox 1074 1479 1173 1538; x_wconf 90' lang='lat' dir='ltr'><strong>modo</strong></span> <span class='ocrx_word' id='word_1_90' title='bbox 1190 1481 1244 1555; x_wconf 74' lang='lat' dir='ltr'><strong>”a</strong></span> 
     </span>
    </p>
   </div>
   <div class='ocr_carea' id='block_1_3' title="bbox 146 1574 1244 2227">
    <p class='ocr_par' dir='ltr' id='par_1_3' title="bbox 231 1574 1243 1652">
     <span class='ocr_line' id='line_1_13' title="bbox 231 1574 1243 1652; baseline 0.001 -19"><span class='ocrx_word' id='word_1_91' title='bbox 231 1593 298 1633; x_wconf 91' lang='lat' dir='ltr'><strong>men</strong></span> <span class='ocrx_word' id='word_1_92' title='bbox 322 1574 456 1652; x_wconf 81' lang='lat' dir='ltr'><strong>pervenit</strong></span> <span class='ocrx_word' id='word_1_93' title='bbox 479 1575 516 1632; x_wconf 81' lang='lat' dir='ltr'><strong>ad</strong></span> <span class='ocrx_word' id='word_1_94' title='bbox 537 1575 637 1634; x_wconf 90' lang='lat' dir='ltr'><strong>urbem</strong></span> <span class='ocrx_word' id='word_1_95' title='bbox 664 1574 786 1647; x_wconf 74' lang='lat' dir='ltr'><strong>Tarson,</strong></span> <span class='ocrx_word' id='word_1_96' title='bbox 808 1574 885 1632; x_wconf 87' lang='lat' dir='ltr'><strong>l&#39;cni</strong></span> <span class='ocrx_word' id='word_1_97' title='bbox 908 1581 972 1632; x_wconf 86' lang='lat' dir='ltr'><strong>tum</strong></span> <span class='ocrx_word' id='word_1_98' title='bbox 994 1574 1133 1632; x_wconf 70' lang='lat' dir='ltr'><strong>maxime</strong></span> <span class='ocrx_word' id='word_1_99' title='bbox 1159 1575 1243 1634; x_wconf 88' lang='lat' dir='ltr'><strong>Pera</strong></span> 
     </span>
    </p>

    <p class='ocr_par' dir='ltr' id='par_1_4' title="bbox 152 1667 1240 1747">
     <span class='ocr_line' id='line_1_14' title="bbox 152 1667 1240 1747; baseline 0.002 -21"><span class='ocrx_word' id='word_1_100' title='bbox 152 1667 230 1744; x_wconf 65' lang='grc' dir='ltr'><em>Ψ</em></span> <span class='ocrx_word' id='word_1_101' title='bbox 232 1669 427 1746; x_wconf 87' lang='lat' dir='ltr'><strong>subjiciebant</strong></span> <span class='ocrx_word' id='word_1_102' title='bbox 446 1669 552 1747; x_wconf 86' lang='lat' dir='ltr'><strong>ignem,</strong></span> <span class='ocrx_word' id='word_1_103' title='bbox 569 1687 605 1726; x_wconf 89' lang='lat' dir='ltr'><strong>ne</strong></span> <span class='ocrx_word' id='word_1_104' title='bbox 619 1668 789 1746; x_wconf 88' lang='lat' dir='ltr'><strong>opulentum</strong></span> <span class='ocrx_word' id='word_1_105' title='bbox 809 1668 948 1746; x_wconf 90' lang='lat' dir='ltr'><strong>oppidum</strong></span> <span class='ocrx_word' id='word_1_106' title='bbox 968 1669 1068 1728; x_wconf 91' lang='lat' dir='ltr'><strong>bostis</strong></span> <span class='ocrx_word' id='word_1_107' title='bbox 1090 1671 1240 1731; x_wconf 82' lang='lat' dir='ltr'><strong>invadere</strong></span> 
     </span>
    </p>

    <p class='ocr_par' dir='ltr' id='par_1_5' title="bbox 225 1762 1244 1843">
     <span class='ocr_line' id='line_1_15' title="bbox 225 1762 1244 1843; baseline -0.003 -20"><span class='ocrx_word' id='word_1_108' title='bbox 225 1764 276 1836; x_wconf 82' lang='lat' dir='ltr'><strong>¹At</strong></span> <span class='ocrx_word' id='word_1_109' title='bbox 289 1765 349 1839; x_wconf 91' lang='lat' dir='ltr'><strong>ille,</strong></span> <span class='ocrx_word' id='word_1_110' title='bbox 366 1764 557 1823; x_wconf 77' lang='lat' dir='ltr'><strong>Parmenione</strong></span> <span class='ocrx_word' id='word_1_111' title='bbox 571 1763 608 1822; x_wconf 85' lang='lat' dir='ltr'><strong>sd</strong></span> <span class='ocrx_word' id='word_1_112' title='bbox 622 1763 813 1823; x_wconf 88' lang='lat' dir='ltr'><strong>inhibendum</strong></span> <span class='ocrx_word' id='word_1_113' title='bbox 832 1762 998 1823; x_wconf 75' lang='lat' dir='ltr'><strong>incendium</strong></span> <span class='ocrx_word' id='word_1_114' title='bbox 1020 1777 1092 1824; x_wconf 81' lang='lat' dir='ltr'><strong>oum</strong></span> <span class='ocrx_word' id='word_1_115' title='bbox 1107 1766 1244 1843; x_wconf 85' lang='lat' dir='ltr'><strong>expedit.</strong></span> 
     </span>
    </p>

    <p class='ocr_par' dir='ltr' id='par_1_6' title="bbox 231 1859 1244 2034">
     <span class='ocr_line' id='line_1_16' title="bbox 231 1859 1244 1939; baseline 0.002 -21"><span class='ocrx_word' id='word_1_116' title='bbox 231 1879 318 1918; x_wconf 90' lang='lat' dir='ltr'><strong>manu</strong></span> <span class='ocrx_word' id='word_1_117' title='bbox 331 1859 489 1938; x_wconf 86' lang='lat' dir='ltr'><strong>praemisso,</strong></span> <span class='ocrx_word' id='word_1_118' title='bbox 504 1866 658 1938; x_wconf 83' lang='lat' dir='ltr'><strong>postquam</strong></span> <span class='ocrx_word' id='word_1_119' title='bbox 682 1859 821 1920; x_wconf 82' lang='lat' dir='ltr'><strong>barbaros</strong></span> <span class='ocrx_word' id='word_1_120' title='bbox 845 1859 975 1918; x_wconf 79' lang='lat' dir='ltr'><strong>adventu</strong></span> <span class='ocrx_word' id='word_1_121' title='bbox 995 1880 1119 1920; x_wconf 87' lang='lat' dir='ltr'><strong>suorum</strong></span> <span class='ocrx_word' id='word_1_122' title='bbox 1132 1863 1244 1939; x_wconf 83' lang='lat' dir='ltr'><strong>fugato.</strong></span> 
     </span>
     <span class='ocr_line' id='line_1_17' title="bbox 231 1954 1017 2034; baseline -0.001 -20"><span class='ocrx_word' id='word_1_123' title='bbox 231 1974 294 2014; x_wconf 88' lang='lat' dir='ltr'><strong>esse</strong></span> <span class='ocrx_word' id='word_1_124' title='bbox 309 1962 491 2034; x_wconf 85' lang='lat' dir='ltr'><strong>cognoverat,</strong></span> <span class='ocrx_word' id='word_1_125' title='bbox 506 1954 609 2015; x_wconf 89' lang='lat' dir='ltr'><strong>urbem</strong></span> <span class='ocrx_word' id='word_1_126' title='bbox 624 1973 641 2012; x_wconf 91' lang='lat' dir='ltr'><strong>a</strong></span> <span class='ocrx_word' id='word_1_127' title='bbox 656 1973 687 2012; x_wconf 91' lang='lat' dir='ltr'><strong>se</strong></span> <span class='ocrx_word' id='word_1_128' title='bbox 702 1961 902 2013; x_wconf 79' lang='lat' dir='ltr'><strong>conservatam</strong></span> <span class='ocrx_word' id='word_1_129' title='bbox 915 1954 1017 2014; x_wconf 80' lang='lat' dir='ltr'><strong>intret.</strong></span> 
     </span>
    </p>

    <p class='ocr_par' dir='ltr' id='par_1_7' title="bbox 291 2047 1244 2127">
     <span class='ocr_line' id='line_1_18' title="bbox 291 2047 1244 2127; baseline 0 -18"><span class='ocrx_word' id='word_1_130' title='bbox 291 2049 329 2109; x_wconf 88' lang='lat' dir='ltr'><strong>V.</strong></span> <span class='ocrx_word' id='word_1_131' title='bbox 355 2053 397 2110; x_wconf 92' lang='lat' dir='ltr'><strong>ll.</strong></span> <span class='ocrx_word' id='word_1_132' title='bbox 420 2050 559 2108; x_wconf 87' lang='lat' dir='ltr'><strong>¹Mediam</strong></span> <span class='ocrx_word' id='word_1_133' title='bbox 574 2047 695 2127; x_wconf 78' lang='lat' dir='ltr'><strong>Cydnus</strong></span> <span class='ocrx_word' id='word_1_134' title='bbox 707 2049 809 2123; x_wconf 78' lang='lat' dir='ltr'><strong>amnis,</strong></span> <span class='ocrx_word' id='word_1_135' title='bbox 829 2048 866 2107; x_wconf 91' lang='lat' dir='ltr'><strong>de</strong></span> <span class='ocrx_word' id='word_1_136' title='bbox 887 2068 943 2127; x_wconf 86' lang='lat' dir='ltr'><strong>quc</strong></span> <span class='ocrx_word' id='word_1_137' title='bbox 955 2049 1042 2126; x_wconf 79' lang='lat' dir='ltr'><strong>penld</strong></span> <span class='ocrx_word' id='word_1_138' title='bbox 1055 2050 1244 2110; x_wconf 72' lang='lat' dir='ltr'><strong>antedictum</strong></span> 
     </span>
    </p>

    <p class='ocr_par' dir='ltr' id='par_1_8' title="bbox 146 2143 1243 2227">
     <span class='ocr_line' id='line_1_19' title="bbox 146 2143 1243 2227; baseline -0.004 -18"><span class='ocrx_word' id='word_1_139' title='bbox 146 2150 220 2221; x_wconf 70' lang='lat' dir='ltr'><strong>w&gt;</strong></span> <span class='ocrx_word' id='word_1_140' title='bbox 230 2151 283 2219; x_wconf 86' lang='lat' dir='ltr'><strong>cst,</strong></span> <span class='ocrx_word' id='word_1_141' title='bbox 299 2144 455 2221; x_wconf 79' lang='lat' dir='ltr'><strong>interfluit3</strong></span> <span class='ocrx_word' id='word_1_142' title='bbox 477 2151 507 2203; x_wconf 88' lang='lat' dir='ltr'><strong>et</strong></span> <span class='ocrx_word' id='word_1_143' title='bbox 520 2150 588 2202; x_wconf 89' lang='lat' dir='ltr'><strong>tunc</strong></span> <span class='ocrx_word' id='word_1_144' title='bbox 600 2151 687 2203; x_wconf 81' lang='lat' dir='ltr'><strong>aestcs</strong></span> <span class='ocrx_word' id='word_1_145' title='bbox 705 2149 776 2218; x_wconf 81' lang='lat' dir='ltr'><strong>eret,</strong></span> <span class='ocrx_word' id='word_1_146' title='bbox 790 2146 872 2221; x_wconf 86' lang='lat' dir='ltr'><strong>cujus</strong></span> <span class='ocrx_word' id='word_1_147' title='bbox 888 2143 966 2203; x_wconf 85' lang='lat' dir='ltr'><strong>calor</strong></span> <span class='ocrx_word' id='word_1_148' title='bbox 978 2144 1137 2227; x_wconf 80' lang='lat' dir='ltr'><strong>nonaliam</strong></span> <span class='ocrx_word' id='word_1_149' title='bbox 1149 2146 1243 2224; x_wconf 87' lang='lat' dir='ltr'><strong>magia</strong></span> 
     </span>
    </p>
   </div>
   <div class='ocr_carea' id='block_1_4' title="bbox 136 2236 1241 3925">
    <p class='ocr_par' dir='ltr' id='par_1_9' title="bbox 136 2236 1241 3925">
     <span class='ocr_line' id='line_1_20' title="bbox 230 2236 1238 2318; baseline 0.002 -21"><span class='ocrx_word' id='word_1_150' title='bbox 230 2242 318 2318; x_wconf 71' lang='lat' dir='ltr'><strong>quem</strong></span> <span class='ocrx_word' id='word_1_151' title='bbox 343 2236 455 2299; x_wconf 80' lang='lat' dir='ltr'><strong>Ciliciae</strong></span> <span class='ocrx_word' id='word_1_152' title='bbox 478 2258 556 2297; x_wconf 86' lang='lat' dir='ltr'><strong>oram</strong></span> <span class='ocrx_word' id='word_1_153' title='bbox 579 2256 685 2315; x_wconf 84' lang='lat' dir='ltr'><strong>vapore</strong></span> <span class='ocrx_word' id='word_1_154' title='bbox 713 2238 782 2297; x_wconf 89' lang='lat' dir='ltr'><strong>solis</strong></span> <span class='ocrx_word' id='word_1_155' title='bbox 808 2238 956 2315; x_wconf 80' lang='lat' dir='ltr'><strong>accendit3</strong></span> <span class='ocrx_word' id='word_1_156' title='bbox 979 2246 1010 2298; x_wconf 89' lang='lat' dir='ltr'><strong>et</strong></span> <span class='ocrx_word' id='word_1_157' title='bbox 1028 2239 1086 2298; x_wconf 91' lang='lat' dir='ltr'><strong>diei</strong></span> <span class='ocrx_word' id='word_1_158' title='bbox 1111 2240 1238 2299; x_wconf 81' lang='lat' dir='ltr'><strong>fervidis-</strong></span> 
     </span>
     <span class='ocr_line' id='line_1_21' title="bbox 231 2319 1233 2411; baseline 0.002 -19"><span class='ocrx_word' id='word_1_159' title='bbox 231 2334 335 2393; x_wconf 87' lang='lat' dir='ltr'><strong>simum</strong></span> <span class='ocrx_word' id='word_1_160' title='bbox 358 2340 471 2409; x_wconf 90' lang='lat' dir='ltr'><strong>tempus</strong></span> <span class='ocrx_word' id='word_1_161' title='bbox 493 2340 625 2409; x_wconf 74' lang='lat' dir='ltr'><strong>coeperat.</strong></span> <span class='ocrx_word' id='word_1_162' title='bbox 667 2332 790 2391; x_wconf 86' lang='lat' dir='ltr'><strong>Pulvere</strong></span> <span class='ocrx_word' id='word_1_163' title='bbox 813 2352 847 2391; x_wconf 85' lang='lat' dir='ltr'><strong>ao</strong></span> <span class='ocrx_word' id='word_1_164' title='bbox 867 2334 972 2392; x_wconf 87' lang='lat' dir='ltr'><strong>sudore</strong></span> <span class='ocrx_word' id='word_1_165' title='bbox 991 2319 1073 2393; x_wconf 88' lang='lat' dir='ltr'><strong>simul</strong></span> <span class='ocrx_word' id='word_1_166' title='bbox 1091 2334 1233 2411; x_wconf 82' lang='lat' dir='ltr'><strong>perfusum</strong></span> 
     </span>
     <span class='ocr_line' id='line_1_22' title="bbox 231 2427 1229 2507; baseline 0 -19"><span class='ocrx_word' id='word_1_167' title='bbox 231 2430 342 2507; x_wconf 82' lang='lat' dir='ltr'><strong>Regem</strong></span> <span class='ocrx_word' id='word_1_168' title='bbox 365 2428 500 2486; x_wconf 81' lang='lat' dir='ltr'><strong>invitavit</strong></span> <span class='ocrx_word' id='word_1_169' title='bbox 527 2428 621 2505; x_wconf 87' lang='lat' dir='ltr'><strong>liquor</strong></span> <span class='ocrx_word' id='word_1_170' title='bbox 646 2427 780 2503; x_wconf 85' lang='lat' dir='ltr'><strong>fluminis,</strong></span> <span class='ocrx_word' id='word_1_171' title='bbox 806 2435 841 2486; x_wconf 84' lang='lat' dir='ltr'><strong>ut</strong></span> <span class='ocrx_word' id='word_1_172' title='bbox 866 2428 990 2487; x_wconf 87' lang='lat' dir='ltr'><strong>calidum</strong></span> <span class='ocrx_word' id='word_1_173' title='bbox 1014 2428 1102 2487; x_wconf 85' lang='lat' dir='ltr'><strong>adbuc</strong></span> <span class='ocrx_word' id='word_1_174' title='bbox 1132 2448 1229 2505; x_wconf 84' lang='lat' dir='ltr'><strong>eorpus</strong></span> 
     </span>
     <span class='ocr_line' id='line_1_23' title="bbox 231 2521 1224 2601; baseline 0.001 -20"><span class='ocrx_word' id='word_1_175' title='bbox 231 2523 366 2583; x_wconf 84' lang='lat' dir='ltr'><strong>ablueret.</strong></span> <span class='ocrx_word' id='word_1_176' title='bbox 409 2521 511 2600; x_wconf 81' lang='lat' dir='ltr'><strong>Itaque</strong></span> <span class='ocrx_word' id='word_1_177' title='bbox 535 2529 616 2582; x_wconf 85' lang='lat' dir='ltr'><strong>veste</strong></span> <span class='ocrx_word' id='word_1_178' title='bbox 640 2522 781 2599; x_wconf 64' lang='lat' dir='ltr'><strong>depositi,</strong></span> <span class='ocrx_word' id='word_1_179' title='bbox 810 2524 840 2580; x_wconf 91' lang='lat' dir='ltr'><strong>in</strong></span> <span class='ocrx_word' id='word_1_180' title='bbox 862 2531 1012 2600; x_wconf 89' lang='lat' dir='ltr'><strong>conspectu</strong></span> <span class='ocrx_word' id='word_1_181' title='bbox 1033 2522 1145 2601; x_wconf 85' lang='lat' dir='ltr'><strong>agminis</strong></span> <span class='ocrx_word' id='word_1_182' title='bbox 1169 2524 1224 2599; x_wconf 78' lang='lat' dir='ltr'><strong>(de</strong></span> 
     </span>
     <span class='ocr_line' id='line_1_24' title="bbox 136 2617 1221 2701; baseline 0.001 -25"><span class='ocrx_word' id='word_1_183' title='bbox 136 2618 329 2701; x_wconf 56' lang='lat' dir='ltr'><strong>⁸percorum</strong></span> <span class='ocrx_word' id='word_1_184' title='bbox 356 2636 468 2695; x_wconf 89' lang='lat' dir='ltr'><strong>quoque</strong></span> <span class='ocrx_word' id='word_1_185' title='bbox 494 2618 624 2675; x_wconf 89' lang='lat' dir='ltr'><strong>futurum</strong></span> <span class='ocrx_word' id='word_1_186' title='bbox 651 2625 741 2692; x_wconf 84' lang='lat' dir='ltr'><strong>ratus,</strong></span> <span class='ocrx_word' id='word_1_187' title='bbox 776 2617 803 2676; x_wconf 92' lang='lat' dir='ltr'><strong>si</strong></span> <span class='ocrx_word' id='word_1_188' title='bbox 828 2618 1001 2677; x_wconf 84' lang='lat' dir='ltr'><strong>ostendisset</strong></span> <span class='ocrx_word' id='word_1_189' title='bbox 1024 2618 1087 2692; x_wconf 89' lang='lat' dir='ltr'><strong>suis,</strong></span> <span class='ocrx_word' id='word_1_190' title='bbox 1113 2618 1164 2677; x_wconf 87' lang='lat' dir='ltr'><strong>leri</strong></span> <span class='ocrx_word' id='word_1_191' title='bbox 1188 2638 1221 2677; x_wconf 84' lang='lat' dir='ltr'><strong>co</strong></span> 
     </span>
     <span class='ocr_line' id='line_1_25' title="bbox 230 2711 1241 2791; baseline 0 -20"><span class='ocrx_word' id='word_1_192' title='bbox 230 2711 355 2791; x_wconf 73' lang='lat' dir='ltr'><strong>parabili</strong></span> <span class='ocrx_word' id='word_1_193' title='bbox 369 2712 466 2771; x_wconf 83' lang='lat' dir='ltr'><strong>’cultu</strong></span> <span class='ocrx_word' id='word_1_194' title='bbox 480 2711 606 2789; x_wconf 86' lang='lat' dir='ltr'><strong>corporis</strong></span> <span class='ocrx_word' id='word_1_195' title='bbox 620 2730 651 2769; x_wconf 87' lang='lat' dir='ltr'><strong>sc</strong></span> <span class='ocrx_word' id='word_1_196' title='bbox 663 2730 727 2769; x_wconf 88' lang='lat' dir='ltr'><strong>esse</strong></span> <span class='ocrx_word' id='word_1_197' title='bbox 737 2714 913 2791; x_wconf 79' lang='lat' dir='ltr'><strong>contentum)</strong></span> <span class='ocrx_word' id='word_1_198' title='bbox 925 2712 1064 2771; x_wconf 88' lang='lat' dir='ltr'><strong>descendit</strong></span> <span class='ocrx_word' id='word_1_199' title='bbox 1075 2712 1103 2770; x_wconf 88' lang='lat' dir='ltr'><strong>in</strong></span> <span class='ocrx_word' id='word_1_200' title='bbox 1114 2713 1214 2787; x_wconf 82' lang='lat' dir='ltr'><strong>flumen,</strong></span> <span class='ocrx_word' id='word_1_201' title='bbox 1229 2760 1241 2770; x_wconf 74' lang='grc'><strong>.,</strong></span> 
     </span>
     <span class='ocr_line' id='line_1_26' title="bbox 231 2806 1213 2886; baseline 0 -20"><span class='ocrx_word' id='word_1_202' title='bbox 231 2806 334 2886; x_wconf 88' lang='lat' dir='ltr'><strong>vixque</strong></span> <span class='ocrx_word' id='word_1_203' title='bbox 349 2807 489 2886; x_wconf 78' lang='lat' dir='ltr'><strong>‘ingressi</strong></span> <span class='ocrx_word' id='word_1_204' title='bbox 510 2806 605 2866; x_wconf 88' lang='lat' dir='ltr'><strong>subito</strong></span> <span class='ocrx_word' id='word_1_205' title='bbox 627 2806 744 2865; x_wconf 88' lang='lat' dir='ltr'><strong>horrore</strong></span> <span class='ocrx_word' id='word_1_206' title='bbox 757 2813 839 2864; x_wconf 86' lang='lat' dir='ltr'><strong>artus</strong></span> <span class='ocrx_word' id='word_1_207' title='bbox 859 2806 951 2885; x_wconf 82' lang='lat' dir='ltr'><strong>rigere</strong></span> <span class='ocrx_word' id='word_1_208' title='bbox 964 2814 1111 2883; x_wconf 74' lang='lat' dir='ltr'><strong>oeperunt:</strong></span> <span class='ocrx_word' id='word_1_209' title='bbox 1129 2807 1213 2883; x_wconf 88' lang='lat' dir='ltr'><strong>pallor</strong></span> 
     </span>
     <span class='ocr_line' id='line_1_27' title="bbox 231 2900 1209 2978; baseline 0.001 -19"><span class='ocrx_word' id='word_1_210' title='bbox 231 2901 333 2959; x_wconf 90' lang='lat' dir='ltr'><strong>deinde</strong></span> <span class='ocrx_word' id='word_1_211' title='bbox 348 2902 471 2960; x_wconf 86' lang='lat' dir='ltr'><strong>suffusus</strong></span> <span class='ocrx_word' id='word_1_212' title='bbox 485 2908 539 2975; x_wconf 91' lang='lat' dir='ltr'><strong>est,</strong></span> <span class='ocrx_word' id='word_1_213' title='bbox 553 2907 583 2959; x_wconf 86' lang='lat' dir='ltr'><strong>et</strong></span> <span class='ocrx_word' id='word_1_214' title='bbox 604 2906 698 2958; x_wconf 87' lang='lat' dir='ltr'><strong>totum</strong></span> <span class='ocrx_word' id='word_1_215' title='bbox 716 2900 919 2977; x_wconf 90' lang='lat' dir='ltr'><strong>propemodum</strong></span> <span class='ocrx_word' id='word_1_216' title='bbox 938 2920 1034 2978; x_wconf 87' lang='lat' dir='ltr'><strong>corpus</strong></span> <span class='ocrx_word' id='word_1_217' title='bbox 1046 2900 1131 2961; x_wconf 82' lang='lat' dir='ltr'><strong>vitalia</strong></span> <span class='ocrx_word' id='word_1_218' title='bbox 1141 2901 1209 2961; x_wconf 84' lang='lat' dir='ltr'><strong>calor</strong></span> 
     </span>
     <span class='ocr_line' id='line_1_28' title="bbox 231 2994 1206 3074; baseline -0.002 -18"><span class='ocrx_word' id='word_1_219' title='bbox 231 2996 357 3074; x_wconf 87' lang='lat' dir='ltr'><strong>reliquit.</strong></span> <span class='ocrx_word' id='word_1_220' title='bbox 409 2994 564 3073; x_wconf 78' lang='lat' dir='ltr'><strong>Expiranti</strong></span> <span class='ocrx_word' id='word_1_221' title='bbox 591 2994 724 3069; x_wconf 82' lang='lat' dir='ltr'><strong>similem,</strong></span> <span class='ocrx_word' id='word_1_222' title='bbox 750 2995 878 3054; x_wconf 86' lang='lat' dir='ltr'><strong>ministri</strong></span> <span class='ocrx_word' id='word_1_223' title='bbox 903 3015 990 3054; x_wconf 78' lang='lat' dir='ltr'><strong>manu</strong></span> <span class='ocrx_word' id='word_1_224' title='bbox 1008 2995 1141 3073; x_wconf 84' lang='lat' dir='ltr'><strong>excipiunt,</strong></span> <span class='ocrx_word' id='word_1_225' title='bbox 1160 3015 1206 3054; x_wconf 90' lang='lat' dir='ltr'><strong>neo</strong></span> 
     </span>
     <span class='ocr_line' id='line_1_29' title="bbox 142 3087 1200 3197; baseline 0 -48"><span class='ocrx_word' id='word_1_226' title='bbox 142 3087 211 3197; x_wconf 63' lang='lat' dir='ltr'><strong>lq!</strong></span> <span class='ocrx_word' id='word_1_227' title='bbox 231 3091 303 3151; x_wconf 86' lang='lat' dir='ltr'><strong>setis</strong></span> <span class='ocrx_word' id='word_1_228' title='bbox 330 3098 487 3167; x_wconf 90' lang='lat' dir='ltr'><strong>compotem</strong></span> <span class='ocrx_word' id='word_1_229' title='bbox 510 3088 615 3148; x_wconf 87' lang='lat' dir='ltr'><strong>mentis</strong></span> <span class='ocrx_word' id='word_1_230' title='bbox 640 3089 673 3147; x_wconf 88' lang='lat' dir='ltr'><strong>in</strong></span> <span class='ocrx_word' id='word_1_231' title='bbox 698 3089 916 3149; x_wconf 81' lang='lat' dir='ltr'><strong>tabernaculum</strong></span> <span class='ocrx_word' id='word_1_232' title='bbox 940 3090 1065 3150; x_wconf 79' lang='lat' dir='ltr'><strong>deferunt</strong></span> <span class='ocrx_word' id='word_1_233' title='bbox 1110 3090 1200 3168; x_wconf 88' lang='lat' dir='ltr'><strong>Ingens</strong></span> 
     </span>
     <span class='ocr_line' id='line_1_30' title="bbox 232 3184 1235 3265; baseline -0.002 -20"><span class='ocrx_word' id='word_1_234' title='bbox 232 3184 406 3259; x_wconf 88' lang='lat' dir='ltr'><strong>sollicitudo,</strong></span> <span class='ocrx_word' id='word_1_235' title='bbox 420 3190 450 3241; x_wconf 90' lang='lat' dir='ltr'><strong>et</strong></span> <span class='ocrx_word' id='word_1_236' title='bbox 471 3186 544 3261; x_wconf 79' lang='lat' dir='ltr'><strong>pene</strong></span> <span class='ocrx_word' id='word_1_237' title='bbox 564 3185 626 3260; x_wconf 89' lang='lat' dir='ltr'><strong>jam</strong></span> <span class='ocrx_word' id='word_1_238' title='bbox 650 3184 747 3242; x_wconf 88' lang='lat' dir='ltr'><strong>luctus</strong></span> <span class='ocrx_word' id='word_1_239' title='bbox 766 3184 797 3241; x_wconf 90' lang='lat' dir='ltr'><strong>in</strong></span> <span class='ocrx_word' id='word_1_240' title='bbox 815 3184 919 3243; x_wconf 82' lang='lat' dir='ltr'><strong>castris</strong></span> <span class='ocrx_word' id='word_1_241' title='bbox 936 3192 1003 3243; x_wconf 85' lang='lat' dir='ltr'><strong>erat.</strong></span> <span class='ocrx_word' id='word_1_242' title='bbox 1037 3184 1131 3243; x_wconf 80' lang='lat' dir='ltr'><strong>Flentes</strong></span> <span class='ocrx_word' id='word_1_243' title='bbox 1142 3205 1197 3262; x_wconf 89' lang='lat' dir='ltr'><strong>que-</strong></span> <span class='ocrx_word' id='word_1_244' title='bbox 1226 3227 1235 3265; x_wconf 80' lang='lat'><strong>,</strong></span> 
     </span>
     <span class='ocr_line' id='line_1_31' title="bbox 232 3278 1194 3355; baseline -0.002 -16"><span class='ocrx_word' id='word_1_245' title='bbox 232 3279 377 3354; x_wconf 84' lang='lat' dir='ltr'><strong>rebantur,</strong></span> <span class='ocrx_word' id='word_1_246' title='bbox 392 3280 427 3313; x_wconf 83' lang='lat'><strong>⁴“</strong></span> <span class='ocrx_word' id='word_1_247' title='bbox 436 3279 467 3335; x_wconf 93' lang='lat' dir='ltr'><strong>in</strong></span> <span class='ocrx_word' id='word_1_248' title='bbox 480 3284 562 3336; x_wconf 86' lang='lat' dir='ltr'><strong>tento</strong></span> <span class='ocrx_word' id='word_1_249' title='bbox 584 3278 694 3354; x_wconf 89' lang='lat' dir='ltr'><strong>impetu</strong></span> <span class='ocrx_word' id='word_1_250' title='bbox 713 3297 855 3355; x_wconf 86' lang='lat' dir='ltr'><strong>cursuque</strong></span> <span class='ocrx_word' id='word_1_251' title='bbox 872 3298 975 3353; x_wconf 88' lang='lat' dir='ltr'><strong>rerum,</strong></span> <span class='ocrx_word' id='word_1_252' title='bbox 989 3278 1063 3337; x_wconf 88' lang='lat' dir='ltr'><strong>omnis</strong></span> <span class='ocrx_word' id='word_1_253' title='bbox 1073 3279 1150 3338; x_wconf 79' lang='lat' dir='ltr'><strong>stetis</strong></span> <span class='ocrx_word' id='word_1_254' title='bbox 1166 3300 1194 3337; x_wconf 85' lang='lat' dir='ltr'><strong>so</strong></span> 
     </span>
     <span class='ocr_line' id='line_1_32' title="bbox 232 3373 1190 3451; baseline 0 -18"><span class='ocrx_word' id='word_1_255' title='bbox 232 3374 377 3434; x_wconf 81' lang='lat' dir='ltr'><strong>memoriae</strong></span> <span class='ocrx_word' id='word_1_256' title='bbox 390 3373 580 3433; x_wconf 85' lang='lat' dir='ltr'><strong>clarissimum</strong></span> <span class='ocrx_word' id='word_1_257' title='bbox 594 3373 708 3451; x_wconf 81' lang='lat' dir='ltr'><strong>Regem</strong></span> <span class='ocrx_word' id='word_1_258' title='bbox 721 3392 778 3431; x_wconf 89' lang='lat' dir='ltr'><strong>non</strong></span> <span class='ocrx_word' id='word_1_259' title='bbox 797 3374 828 3431; x_wconf 91' lang='lat' dir='ltr'><strong>in</strong></span> <span class='ocrx_word' id='word_1_260' title='bbox 842 3373 902 3431; x_wconf 82' lang='lat' dir='ltr'><strong>soie</strong></span> <span class='ocrx_word' id='word_1_261' title='bbox 915 3374 1019 3448; x_wconf 83' lang='lat' dir='ltr'><strong>saltem,</strong></span> <span class='ocrx_word' id='word_1_262' title='bbox 1029 3392 1074 3431; x_wconf 88' lang='lat' dir='ltr'><strong>non</strong></span> <span class='ocrx_word' id='word_1_263' title='bbox 1084 3373 1114 3433; x_wconf 80' lang='lat' dir='ltr'><strong>ab</strong></span> <span class='ocrx_word' id='word_1_264' title='bbox 1123 3373 1190 3433; x_wconf 85' lang='lat' dir='ltr'><strong>hoste</strong></span> 
     </span>
     <span class='ocr_line' id='line_1_33' title="bbox 232 3467 1238 3546; baseline -0.001 -18"><span class='ocrx_word' id='word_1_265' title='bbox 232 3470 382 3546; x_wconf 88' lang='lat' dir='ltr'><strong>dejectum,</strong></span> <span class='ocrx_word' id='word_1_266' title='bbox 407 3468 457 3529; x_wconf 86' lang='lat' dir='ltr'><strong>sed</strong></span> <span class='ocrx_word' id='word_1_267' title='bbox 483 3467 647 3527; x_wconf 87' lang='lat' dir='ltr'><strong>abluentem</strong></span> <span class='ocrx_word' id='word_1_268' title='bbox 675 3471 749 3546; x_wconf 74' lang='lat' dir='ltr'><strong>aqut</strong></span> <span class='ocrx_word' id='word_1_269' title='bbox 774 3487 886 3545; x_wconf 87' lang='lat' dir='ltr'><strong>corpus,</strong></span> <span class='ocrx_word' id='word_1_270' title='bbox 906 3475 1025 3546; x_wconf 89' lang='lat' dir='ltr'><strong>ereptum</strong></span> <span class='ocrx_word' id='word_1_271' title='bbox 1040 3486 1094 3543; x_wconf 86' lang='lat' dir='ltr'><strong>esso,</strong></span> <span class='ocrx_word' id='word_1_272' title='bbox 1112 3475 1136 3527; x_wconf 84' lang='lat' dir='ltr'><strong>at</strong></span> <span class='ocrx_word' id='word_1_273' title='bbox 1150 3488 1187 3527; x_wconf 86' lang='lat' dir='ltr'><strong>ax·</strong></span> <span class='ocrx_word' id='word_1_274' title='bbox 1230 3527 1238 3540; x_wconf 71' lang='grc'><strong><em>,</em></strong></span> 
     </span>
     <span class='ocr_line' id='line_1_34' title="bbox 149 3542 1182 3655; baseline 0.002 -34"><span class='ocrx_word' id='word_1_275' title='bbox 149 3560 200 3655; x_wconf 62' lang='lat' dir='ltr'><strong>,iq</strong></span> <span class='ocrx_word' id='word_1_276' title='bbox 208 3542 371 3623; x_wconf 72' lang='lat' dir='ltr'><strong>stincuun:</strong></span> <span class='ocrx_word' id='word_1_277' title='bbox 392 3562 501 3622; x_wconf 83' lang='lat' dir='ltr'><strong>instare</strong></span> <span class='ocrx_word' id='word_1_278' title='bbox 515 3562 646 3636; x_wconf 89' lang='lat' dir='ltr'><strong>Darium,</strong></span> <span class='ocrx_word' id='word_1_279' title='bbox 662 3561 812 3621; x_wconf 70' lang='lat' dir='ltr'><strong>‘victorem</strong></span> <span class='ocrx_word' id='word_1_280' title='bbox 820 3569 974 3641; x_wconf 83' lang='lat' dir='ltr'><strong>antequam</strong></span> <span class='ocrx_word' id='word_1_281' title='bbox 985 3562 1081 3622; x_wconf 77' lang='lat' dir='ltr'><strong>vidisset</strong></span> <span class='ocrx_word' id='word_1_282' title='bbox 1090 3562 1182 3623; x_wconf 77' lang='lat' dir='ltr'><strong>bosleni</strong></span> 
     </span>
     <span class='ocr_line' id='line_1_35' title="bbox 232 3656 1229 3735; baseline -0.005 -17"><span class='ocrx_word' id='word_1_283' title='bbox 232 3658 294 3718; x_wconf 85' lang='lat' dir='ltr'><strong>Sibi</strong></span> <span class='ocrx_word' id='word_1_284' title='bbox 318 3658 431 3717; x_wconf 84' lang='lat' dir='ltr'><strong>easdem</strong></span> <span class='ocrx_word' id='word_1_285' title='bbox 456 3665 557 3730; x_wconf 86' lang='lat' dir='ltr'><strong>terres,</strong></span> <span class='ocrx_word' id='word_1_286' title='bbox 581 3675 653 3734; x_wconf 87' lang='lat' dir='ltr'><strong>quas</strong></span> <span class='ocrx_word' id='word_1_287' title='bbox 675 3656 799 3715; x_wconf 82' lang='lat' dir='ltr'><strong>victores</strong></span> <span class='ocrx_word' id='word_1_288' title='bbox 821 3661 1019 3735; x_wconf 76' lang='lat' dir='ltr'><strong>peragrtssent,</strong></span> <span class='ocrx_word' id='word_1_289' title='bbox 1037 3657 1180 3733; x_wconf 81' lang='lat' dir='ltr'><strong>repetendus:</strong></span> <span class='ocrx_word' id='word_1_290' title='bbox 1222 3700 1229 3713; x_wconf 88' lang='lat'><strong>.</strong></span> 
     </span>
     <span class='ocr_line' id='line_1_36' title="bbox 234 3751 1238 3830; baseline -0.001 -21"><span class='ocrx_word' id='word_1_291' title='bbox 234 3754 328 3811; x_wconf 85' lang='lat' dir='ltr'><strong>omnia</strong></span> <span class='ocrx_word' id='word_1_292' title='bbox 341 3761 392 3812; x_wconf 82' lang='lat' dir='ltr'><strong>aut</strong></span> <span class='ocrx_word' id='word_1_293' title='bbox 405 3752 491 3830; x_wconf 86' lang='lat' dir='ltr'><strong>ipsos,</strong></span> <span class='ocrx_word' id='word_1_294' title='bbox 503 3759 555 3810; x_wconf 85' lang='lat' dir='ltr'><strong>aut</strong></span> <span class='ocrx_word' id='word_1_295' title='bbox 575 3751 672 3810; x_wconf 85' lang='lat' dir='ltr'><strong>hostes</strong></span> <span class='ocrx_word' id='word_1_296' title='bbox 691 3751 861 3828; x_wconf 85' lang='lat' dir='ltr'><strong>populatos:</strong></span> <span class='ocrx_word' id='word_1_297' title='bbox 881 3771 932 3829; x_wconf 89' lang='lat' dir='ltr'><strong>per</strong></span> <span class='ocrx_word' id='word_1_298' title='bbox 945 3758 1029 3811; x_wconf 77' lang='lat' dir='ltr'><strong>vestu</strong></span> <span class='ocrx_word' id='word_1_299' title='bbox 1043 3751 1177 3826; x_wconf 80' lang='lat' dir='ltr'><strong>mitudiues,</strong></span> <span class='ocrx_word' id='word_1_300' title='bbox 1237 3803 1238 3808; x_wconf 73' lang='grc'>,</span> 
     </span>
     <span class='ocr_line' id='line_1_37' title="bbox 233 3829 1238 3925; baseline 0.001 -20"><span class='ocrx_word' id='word_1_301' title='bbox 233 3846 347 3905; x_wconf 83' lang='lat' dir='ltr'><strong>etiamsi</strong></span> <span class='ocrx_word' id='word_1_302' title='bbox 359 3866 442 3906; x_wconf 90' lang='lat' dir='ltr'><strong>nemo</strong></span> <span class='ocrx_word' id='word_1_303' title='bbox 455 3845 567 3925; x_wconf 88' lang='lat' dir='ltr'><strong>insequi</strong></span> <span class='ocrx_word' id='word_1_304' title='bbox 580 3845 663 3921; x_wconf 88' lang='lat' dir='ltr'><strong>velit,</strong></span> <span class='ocrx_word' id='word_1_305' title='bbox 677 3851 786 3920; x_wconf 83' lang='lat' dir='ltr'><strong>euntes,</strong></span> <span class='ocrx_word' id='word_1_306' title='bbox 800 3846 876 3917; x_wconf 78' lang='lat' dir='ltr'><strong>fame</strong></span> <span class='ocrx_word' id='word_1_307' title='bbox 895 3852 981 3923; x_wconf 80' lang='lat' dir='ltr'><strong>etqua</strong></span> <span class='ocrx_word' id='word_1_308' title='bbox 992 3844 1063 3923; x_wconf 79' lang='lat' dir='ltr'><strong>iuopit</strong></span> <span class='ocrx_word' id='word_1_309' title='bbox 1073 3844 1176 3921; x_wconf 71' lang='lat' dir='ltr'><strong>debelari</strong></span> <span class='ocrx_word' id='word_1_310' title='bbox 1237 3829 1238 3842; x_wconf 36' lang='lat'>¹</span> 
     </span>
    </p>
   </div>
   <div class='ocr_carea' id='block_1_5' title="bbox 808 4161 816 4193">
    <p class='ocr_par' dir='ltr' id='par_1_10' title="bbox 808 4161 816 4193">
     <span class='ocr_line' id='line_1_38' title="bbox 808 4161 816 4193; baseline 0 0"><span class='ocrx_word' id='word_1_311' title='bbox 808 4161 816 4193; x_wconf 85' lang='lat' dir='ltr'><strong>l</strong></span> 
     </span>
    </p>
   </div>
   <div class='ocr_carea' id='block_1_6' title="bbox 0 0 1300 4400">
    <p class='ocr_par' dir='ltr' id='par_1_11' title="bbox 0 0 1300 4400">
     <span class='ocr_line' id='line_1_39' title="bbox 0 0 1300 4400; baseline 0 1"><span class='ocrx_word' id='word_1_312' title='bbox 0 0 1300 4400; x_wconf 95' lang='lat' dir='ltr'><strong> </strong></span> 
     </span>
    </p>
   </div>
  </div>
 </body>
</html>
