2592 4400
308 393 318 427 ¹
395 424 519 468 ursus
545 425 617 468 νη.
646 426 733 469 cer.
761 427 783 466 1.

412 766 416 772 ’
445 760 608 823 LIBER
635 761 731 823 VII.

498 950 742 987 muniemus..

113 1076 133 1117 i
146 1064 271 1131 simler
285 1077 413 1129 Lyncestem
426 1078 542 1129 museus
555 1088 617 1118 reum
633 1076 723 1119 nonu
739 1078 804 1117 enee
837 1074 920 1117 pernes
936 1076 959 1116 n
976 1076 1092 1127 Amyntam

78 1143 101 1181 st
109 1142 225 1182 Simmiam
234 1142 324 1183 Philotis
333 1144 412 1184 emices
420 1144 513 1193 inquirit,
519 1144 557 1193 qni
564 1154 625 1183 suem
634 1142 777 1183 innocentium
786 1142 845 1191 gravi
853 1141 944 1181 cretione
952 1142 1043 1185 tuentur.

114 1206 133 1247 2
146 1206 247 1257 Amynii
260 1208 282 1246 et
295 1206 395 1247 iratribus
407 1208 430 1246 in
444 1208 532 1257 gruum
545 1208 642 1258 receptis,
652 1205 779 1257 Polydamas
787 1217 800 1246 s
808 1206 866 1256 Rege
877 1206 953 1257 jnssns,
962 1206 985 1247 in
1000 1204 1093 1247 Mediam

77 1270 174 1375 Helenor
181 1272 295 1323 proiectus,
304 1272 466 1313 Permeuionem
474 1274 564 1314 interiici
578 1275 642 1314 curst
675 1272 738 1314 Unde
751 1272 866 1323 indignatio
875 1274 895 1312 et
903 1272 983 1322 seditio,
992 1282 1039 1323 qne
1047 1275 1093 1312 tsn-

93 1347 127 1375 em
136 1337 275 1387 extinguitur.

105 1401 133 1465 'a
147 1401 226 1441 Veriee
233 1400 322 1452 populos
330 1402 369 1443 sub
379 1403 456 1453 iugum
463 1404 528 1443 mittit
540 1402 666 1453 Alexander,
675 1412 700 1443 sc
713 1402 863 1454 septemdecim
878 1401 953 1443 diebus
967 1412 1017 1443 eum
1031 1413 1090 1443 exer·

79 1466 125 1505 citu
133 1465 254 1506 &nussum
262 1470 350 1517 supersi.

115 1532 134 1571 t
147 1530 227 1571 Bessus
236 1532 263 1571 de
271 1531 327 1583 bello
335 1532 437 1572 adversus
445 1532 596 1581 Alexandrum,
604 1532 661 1573 inter
668 1531 745 1582 epulas,
754 1532 863 1579 consultet,
872 1532 1001 1583 sapientique
1009 1532 1094 1574 cosule

79 1597 165 1637 consilo
180 1597 272 1637 minime
287 1599 403 1647 eequissdt
430 1597 519 1638 Interim
534 1598 581 1637 Rex
595 1597 672 1637 Bectrs
684 1596 832 1648 pervenitubi
847 1597 873 1637 ds
887 1596 1010 1639 siccorum
1026 1598 1094 1639 deiec-

80 1662 136 1701 tione
144 1663 167 1701 et
175 1661 310 1702 Sstlberuene
318 1662 418 1711 singulari
427 1664 540 1703 certamine
548 1664 617 1703 occiso
625 1663 711 1703 sdvenlt
718 1663 826 1703 nuncius.

119 1725 138 1767 b.
150 1726 265 1767 Exercitus
282 1726 396 1766 Alexandri
416 1728 451 1767 siti
468 1726 568 1767 liceretne
586 1726 658 1767 oxum
679 1737 763 1767 emnem
784 1726 889 1767 industrie
909 1726 993 1777 trejicit
1019 1727 1095 1768 Bessus

80 1788 127 1893 iim
141 1793 217 1841 eaptus
231 1791 259 1831 au
271 1790 416 1831 eremorum
432 1791 548 1841 munstur,
563 1803 576 1831 a
590 1802 632 1843 quo
648 1791 709 1833 nuru
720 1781 785 1831 'seni
798 1790 873 1831 oncri
888 1791 1040 1841 anemonen
1053 1794 1095 1833 tn-

102 1856 141 1895 tur.

117 1919 135 1960 t.
147 1919 291 1961 Bsrbnrorum
300 1921 323 1959 et
331 1919 471 1961 Mseedonum
479 1919 626 1961 benevolendi
633 1920 702 1960 serim
710 1922 817 1969 expugnet
830 1919 897 1960 urbes
923 1918 964 1959 Sed
973 1921 995 1959 et
1003 1918 1094 1961 slexm

81 1980 280 2024 drismsd'isnsim
289 1985 361 2024 condit
369 1995 460 2033 emnem,
469 1984 634 2036 brevissimoque
642 1985 744 2034 temporis
752 1982 842 2023 sbsclvit
850 1984 923 2033 spetio.
1034 2014 1035 2017 ,

117 2048 135 2089 i.
148 2048 182 2088 De
190 2048 253 2090 Bello
261 2048 345 2096 Scythis
357 2048 466 2088 inferendo
474 2048 593 2089 Alexender
601 2059 655 2099 eger
663 2058 690 2087 ex
703 2046 791 2088 vulnere
804 2058 854 2088 cum
868 2048 911 2088 suis
925 2048 965 2089 init
973 2047 1093 2091 consilium.

83 2114 206 2156 emunder
214 2117 274 2155 vetes
282 2114 345 2165 Regis
353 2114 457 2155 volunisii
465 2118 563 2155 extorum
576 2114 721 2155 soeommcdst
732 2113 853 2165 sipnifleete.
878 2114 1016 2154 Menedemus
1024 2125 1037 2153 e
1046 2114 1094 2164 Spi-

83 2180 166 2221 ismeue
173 2180 364 2231 perinsidisscum
373 2179 455 2221 dnobus
467 2180 563 2231 peditum
575 2180 671 2221 millibus
679 2181 701 2220 et
709 2179 808 2220 trecentis
822 2178 1022 2232 equitibuseDshis
1031 2180 1095 2220 inter-

84 2245 163 2287 iicitnr:
176 2248 235 2298 qued
243 2247 317 2288 eslllde
325 2247 440 2288 sdmeddm
449 2247 567 2287 dissimulet
574 2246 701 2288 Alexender.

86 2347 90 2352 ,
118 2312 136 2352 8.
148 2312 208 2354 Dim
224 2314 329 2353 exercitus
342 2313 369 2353 sd
383 2312 464 2354 bellum
479 2312 599 2362 aecingitur,
608 2313 735 2363 Scytharum
751 2310 814 2362 legsti
826 2311 948 2362 adveniunt,
962 2323 987 2352 ne
999 2311 1025 2352 de
1042 2321 1094 2363 psoe

84 2378 470 2430 prersdsegregismsdblexendrum
479 2379 594 2418 cretionem
602 2378 688 2418 bsbsnt.
836 2392 837 2396 ¹

117 2443 136 2484 9.
148 2443 270 2484 Alexander
283 2442 357 2495 legetis
369 2443 462 2484 dimissis
475 2443 564 2483 Tnusim
577 2443 659 2494 irniioit,
676 2442 756 2484 bellum
773 2443 857 2495 scythis
871 2442 947 2498 iniert3
966 2453 1016 2505 cum
1031 2444 1094 2485 viciis

85 2505 316 2626 benliti.‘nge·glisnernm
324 2573 428 2615 nobilium
435 2574 529 2614 invictus
536 2573 624 2615 enimus.
652 2573 710 2614 Bessi
722 2544 851 2626 supplicium
857 2582 863 2614 ε
876 2583 932 2614 novo
940 2573 1008 2615 milite
1020 2575 1094 2616 suctus

85 2638 313 2681 Aiexendriexereitus

120 2704 148 2745 11.
162 2705 249 2746 Peirsm
258 2705 331 2744 urbem
340 2703 497 2756 smpiissimem,
505 2705 549 2745 situ
563 2704 682 2755 mturique
690 2704 731 2745 loci
745 2704 789 2746 iere
801 2703 992 2756 inexpugnabilem,
1001 2705 1027 2745 ed
1035 2705 1093 2746 dedi-

85 2770 162 2811 tionem
169 2772 229 2824 eogit
236 2769 361 2812 Alemder.
431 2826 435 2835 ,
1064 2777 1066 2780 '

143 2931 168 2992 1.
195 2936 219 2990 Ι.
243 2930 413 3005 ΡΗηότΑΜ,
438 2930 514 2988 sicui
535 2931 699 2991 recentibus
723 2929 841 2988 sceleris
865 2931 928 3006 ejus
952 2929 1091 3008 vestigiis,

93 3027 155 3101 jure
169 3028 304 3085 affectum
318 3024 460 3102 supplicio
475 3033 645 3084 censuerant
660 3025 785 3101 milites;
815 3025 866 3099 ite,
882 3032 1032 3104 postquem
1046 3026 1091 3085 de·

87 3122 171 3178 eierat
193 3141 266 3195 esse,
287 3140 373 3199 quem
397 3120 536 3193 odissent,
560 3120 670 3179 invidie
691 3119 720 3178 in
743 3119 969 3180 misericordiam
994 3122 1091 3180 vertit

21 3272 24 3287 ,
88 3213 219 3275 Moverat
243 3222 273 3274 et
299 3215 416 3273 claritas
434 3216 559 3293 juvenis,
584 3222 614 3273 et
641 3215 733 3291 petris
762 3217 825 3292 ejus
849 3224 983 3286 senectus
1007 3225 1093 3296 etque

89 3310 200 3369 orbitus.
252 3310 369 3368 Primus
391 3309 494 3368 Asiam
517 3317 667 3386 sperneret
691 3309 777 3388 Regi,
801 3312 929 3369 omnium
953 3312 1092 3388 periculo·

89 3423 148 3462 rum
170 3409 235 3483 ejus
248 3405 410 3482 particeps:
431 3424 545 3482 semper
559 3404 701 3462 ¹elterum
723 3405 753 3462 in
776 3405 836 3464 acie
850 3426 939 3464 cornu
960 3407 1090 3464 defende·

89 3507 149 3559 rat:
170 3499 308 3576 Philippo
322 3518 436 3577 quoque
459 3505 526 3556 ente
541 3517 639 3556 omnes
662 3498 780 3574 amicus,
802 3507 832 3557 et
853 3501 909 3577 ipsi
923 3499 1092 3558 Alexandro

91 3598 146 3651 tem
157 3596 241 3668 fidus,
255 3601 289 3652 nt
303 3592 452 3651 occidendi
472 3592 607 3651 Attalum
621 3611 679 3650 nou
703 3593 761 3651 elio
775 3593 908 3651 ministro
923 3593 968 3650 uti
981 3593 1092 3651 mallet.

93 3685 199 3747 Horum
221 3688 357 3766 cegitatio
377 3686 495 3746 subibat
516 3687 685 3762 exercitum,
712 3687 914 3764 seditioseeque
941 3705 1025 3746 voces
1053 3707 1094 3744 re·

87 3781 252 3856 terebantur
266 3783 303 3841 ed
326 3783 455 3859 Regem:
476 3783 559 3861 queis
573 3782 624 3840 ille
639 3782 717 3840 haud
742 3785 811 3840 sene
826 3790 931 3855 motus,
947 3781 1096 3860 ’setisque

95 3879 212 3951 prudens
236 3879 290 3966 otii
313 3878 386 3936 vitis
409 3877 525 3955 negotio
540 3877 655 3951 discuti,
672 3877 761 3934 edicit
781 3883 816 3934 ut
838 3895 936 3936 omncs
960 3877 990 3936 in
1012 3877 1096 3938 vesti-
