2592 4400
172 361 212 418 26
353 357 357 370 “
525 373 830 426 Qu1urrcunr11

97 514 261 610 Cfflerat
304 514 363 576 Sed
375 513 440 594 quia
462 520 513 574 aut
535 513 566 574 in
579 513 702 574 viatoria
721 519 772 574 aut
791 512 822 572 iu
841 512 911 591 fuge
924 513 1020 590 eopioa
1031 511 1186 572 unierat?

171 609 344 689 Agebantur
364 629 433 689 ergo
446 629 464 668 a
477 617 539 668 tum
557 609 655 688 paneis
675 627 809 686 peoorum
827 608 929 684 modo,
951 615 982 667 et
995 606 1072 666 idem
1090 614 1187 668 metus

171 704 220 783 qui
234 703 352 783 cogabat
364 705 475 782 fugere,
489 705 634 783 fugientes
648 703 820 764 morabatur.

232 803 278 859 28.
300 800 344 859 At
358 798 452 859 Grmoi
465 799 515 878 qui
528 799 558 857 in
572 799 657 858 Darii
668 797 800 876 partibus
819 803 959 857 steterant
972 797 1102 875 Amynta
1114 797 1189 857 duos

173 893 294 970 (praetor
313 893 360 953 hie
374 894 536 954 Alexandri
549 894 617 969 fuit,
629 913 704 952 nuno
724 893 885 971 transfuga)
899 891 1018 969 abrupti
1031 912 1049 951 a
1061 893 1189 968 eaeteris,

34 1019 39 1027 ‚
100 983 277 1076 Jev¹⁹babd
303 989 371 1050 sane
398 989 578 1067 fugientibus
605 989 712 1048 similes
737 994 895 1048 evaserant.
950 987 1077 1048 Barbari
1097 988 1189 1066 louge

172 1082 314 1142 diversam
327 1083 425 1163 lugam
438 1083 642 1144 intenderunt:
664 1082 715 1141 alii
728 1085 786 1161 qui
798 1090 909 1142 reatum
922 1082 978 1140 iter
991 1082 1022 1140 in
1035 1081 1190 1142 Persidem

173 1176 313 1239 ducebat:
334 1177 450 1257 quidam
473 1179 594 1238 oireuitu
615 1197 710 1256 rupes,
733 1177 878 1258 saltusque
897 1177 1038 1236 montium
1058 1177 1190 1236 oooultoa

170 1272 309 1348 petivere,
335 1272 420 1350 pauoi
445 1279 539 1332 eastra
567 1273 658 1332 Darii
711 1272 771 1333 Seu
793 1275 855 1349 jam
880 1272 933 1331 illa
954 1291 1065 1351 quoque
1094 1273 1191 1332 vietor

172 1366 341 1442 intraverat,
356 1368 433 1428 omui
452 1369 568 1447 quidem
590 1368 735 1446 opulentib
754 1368 836 1428 ditia
850 1361 985 1446 elingens
1003 1368 1068 1426 auri
1088 1387 1190 1446 argen-

106 1453 252 1548 psoium
273 1461 393 1540 pondua,
415 1483 472 1522 non
493 1463 570 1539 belli,
593 1463 645 1522 sed
666 1463 792 1522 luxuriae
814 1470 984 1541 apparatum
1007 1462 1191 1540 diripuerant

172 1556 288 1616 milites.
332 1555 464 1636 Cumque
487 1559 554 1636 plus
580 1566 725 1636 ruperant,
738 1558 847 1635 passim
867 1564 960 1616 atrata
979 1563 1061 1616 erant
1079 1557 1190 1616 itinera
1223 1605 1235 1628 ,

80 1665 87 1676 ·
172 1651 323 1712 vilioribus
350 1653 477 1728 aeremia,
501 1672 573 1732 quus
599 1654 629 1711 in
655 1653 867 1731 eomparatione
887 1653 1038 1712 melionm
1064 1654 1189 1712 avaritia

172 1753 389 1826 oontempserat.
432 1749 558 1826 Jamque
580 1748 618 1807 ad
641 1747 774 1808 foeminae
793 1754 961 1826 perventum
980 1753 1052 1823 erat,
1071 1748 1187 1826 quibus,

171 1844 227 1921 qual
252 1843 363 1902 cariora
388 1850 554 1902 ornamenta
587 1851 664 1919 sunt,
691 1843 849 1902 violentias
878 1842 1118 1920 detrahebantur3
1148 1863 1190 1903 ue

110 1938 338 2032 levem-poribus
363 1937 478 2017 quidem
504 1939 559 2014 vis,
587 1958 620 1998 ao
640 1937 734 2015 libido
755 1938 898 2015 puroebat
941 1937 1048 1999 Omnia
1067 1937 1189 2014 planetu

173 2033 364 2112 tumultuque,
378 2042 464 2111 prout
477 2034 578 2114 auique
591 2035 708 2097 fortuna
721 2040 794 2107 erat,
815 2031 1013 2111 repleverant:
1034 2033 1113 2092 ”neo
1124 2033 1191 2091 ulla

171 2127 259 2186 facies
272 2129 343 2187 mali
364 2128 478 2205 deerat,
500 2131 568 2188 enlm
579 2149 632 2204 per
645 2147 743 2188 omnes
762 2127 878 2186 ordines
899 2134 1056 2207 aetatesque
1068 2127 1188 2187 viatoris

172 2223 329 2287 erudelitas
356 2242 389 2282 ao
416 2217 532 2283 lloentia
564 2232 726 2304 vagaretur.
780 2225 893 2283 ²¹Tuno
917 2225 987 2284 verb
1019 2224 1188 2301 impotentia

172 2317 295 2377 fortuna
309 2319 418 2397 speeies
442 2319 567 2396 oonepioi
591 2320 697 2397 potuit,
709 2321 778 2379 enlm
790 2319 822 2396 ii,
835 2319 887 2397 qui
909 2325 971 2377 tum
991 2318 1080 2377 Dario
1093 2319 1186 2379 taber·

114 2412 308 2499 ]Psnaeulnm
331 2422 549 2489 exornaverant,
577 2414 653 2473 omni
681 2416 753 2473 luxu
777 2422 807 2473 et
833 2414 979 2493 opulentia
1005 2414 1186 2489 instructum,

172 2506 271 2567 eadem
281 2508 334 2567 illa
347 2508 522 2584 Alexandro,
536 2509 620 2588 quasi
632 2509 724 2569 veteri
739 2510 864 2585 domino,
877 2510 1068 2570 reservabant
1098 2509 1128 2567 N
1129 2530 1186 2568 am·

172 2602 272 2679 quaid
286 2603 380 2662 solum
399 2603 540 2663 intantum
553 2605 708 2663 omiserant
726 2606 852 2683 milites;
873 2606 918 2663 ita
929 2606 1038 2665 tradito
1051 2611 1187 2681 more,·ut

173 2698 313 2757 viatorem
325 2699 399 2760 vioti
412 2700 505 2779 Regis
519 2700 702 2761 tabernaculo
714 2701 883 2779 exeiperent

234 2797 280 2855 29.
302 2794 362 2855 Sed
381 2796 507 2854 omnium
529 2794 626 2855 oeulos
646 2796 810 2875 animosque
822 2797 854 2855 in
868 2804 959 2855 semet
977 2803 1187 2870 converterant,

121 2886 287 2965 7³⁴'oaptiva
300 2897 393 2951 mater
404 2891 563 2969 conjuxque
573 2890 664 2951 Darii
706 2890 773 2966 Illo,
787 2910 843 2950 non
856 2894 1008 2969 majestate
1020 2892 1124 2966 solum,
1136 2890 1188 2950 sed

174 2984 263 3043 etiam
283 2992 369 3045 aetate
381 2976 572 3063 venerabilis3
594 2985 665 3062 baeo,
686 2987 819 3047 ”formae
840 2986 1062 3064 pulchritudine,
1077 3008 1113 3045 ne
1133 2989 1189 3046 ills

173 3078 290 3157 quidem
310 3087 386 3139 sorte
411 3085 554 3157 eorruptt.
596 3082 756 3159 Aooeperat
776 3083 807 3140 in
828 3083 924 3141 sinum
941 3083 1042 3157 filium,
1063 3084 1188 3141 noudum

175 3180 289 3235 sextum
302 3175 398 3235 aetatis
417 3194 522 3233 aunum
542 3194 696 3255 egressum,
710 3177 742 3236 in
762 3196 841 3255 spem
855 3184 944 3237 tantae
956 3173 1088 3253 fortunae,
1102 3198 1189 3256 quan·

176 3277 238 3329 tam
250 3269 335 3347 paulo
349 3272 416 3329 ante
431 3278 512 3347 pater
536 3273 600 3347 ejus
621 3272 767 3364 amiserat,
786 3272 923 3353 genitum
964 3273 1008 3332 At
1027 3275 1058 3331 in
1077 3275 1190 3353 gremio

106 3368 249 3465 ymanus
275 3365 348 3425 aviae
366 3366 499 3441 jaeebunt
526 3366 634 3426 nauta
661 3368 885 3447 νίψω,
908 3388 966 3428 non
992 3388 1043 3429 suo
1064 3349 1188 3444 auom,
1219 3430 1224 3445 ,

176 3460 228 3519 sed
241 3452 320 3519 illiu's
334 3460 422 3519 etiam
434 3480 555 3519 moerore
568 3462 712 3522 eonfeotae.
763 3462 871 3542 Ingena
884 3463 960 3521 eirea
972 3482 1036 3522 eam
1048 3463 1190 3530 nobilium
1215 3510 1228 3535 ,

175 3555 356 3615 foeminarum
370 3556 455 3616 turba
478 3556 660 3632 const-iterat,
681 3559 702 3587 ²¹
712 3558 846 3617 laceratis
860 3558 994 3633 crinibus,
1008 3559 1190 3637 abscissaque

176 3650 265 3727 ve‘ste,
298 3651 416 3735 pristini
450 3652 559 3712 decoris
598 3652 786 3731 immemores,
821 3654 959 3734 Reginae,
994 3654 1189 3732 dominasque,

178 3746 287 3807 ²⁴veris
310 3746 461 3825 quondam,
489 3754 558 3805 tuno
580 3746 684 3807 alienis
704 3750 833 3810 nominib
896 3750 1071 3809 invocantes
1123 3749 1191 3809 Illae
1212 3776 1248 3824 ·,

107 3832 239 3921 Wauae
262 3842 436 3903 calamitatis
457 3842 564 3917 oblitae,
578 3850 645 3903 utro
665 3863 754 3903 eornu
772 3769 1036 3930 Duffiejptetiuet,
1050 3864 1116 3924 quoe
1134 3844 1190 3904 for.
