2592 4400
229 379 268 438 ⁷2
574 393 720 442 ournrr
742 395 886 436 onnon

226 539 307 594 ostos
333 535 402 614 ergo
429 533 530 612 spoliis
562 533 670 594 nostris
695 533 922 597 trnoidebimns:
954 535 1112 616 eodemque
1136 556 1186 598 res
1208 543 1238 597 et

227 647 314 687 esuse
327 629 457 688 victorin
470 628 535 703 erit,
550 636 580 687 et
600 628 722 688 fruetus
764 627 849 699 Quod
868 630 895 689 si
913 650 998 709 quem
1011 651 1028 690 e
1040 631 1126 691 vobis
1137 652 1238 692 nomen

107 733 122 779 l
138 723 211 792 ίμθ
223 723 319 804 gentis
331 731 434 799 movet,
449 725 556 804 cogitet
571 723 762 784 Macedonum
779 724 841 783 illio
862 745 942 786 arms
954 745 1024 799 esse,
1038 744 1097 784 non
1111 746 1235 804 eorporn

224 817 353 876 Multum
367 820 442 876 enim
455 819 603 897 sanguinis
625 817 747 879 invioem
766 818 922 895 hausimus,
936 827 967 879 et
987 841 1099 898 semper
1121 821 1237 900 gravior

223 911 252 970 iu
279 914 424 990 psueitste
448 915 562 991 jueturs
589 919 640 972 est
694 911 770 972 Nem
796 913 964 973 Alexander
989 922 1236 993 quantuscumque

221 1007 334 1090 ignavis
348 1016 378 1068 et
392 1009 502 1069 timidis
521 1007 615 1068 videri
634 1013 739 1086 potest,
753 1027 843 1066 uuum
860 1009 879 1038 ¹⁴
886 1009 993 1068 enimsi
1012 1016 1067 1085 est,
1082 1016 1113 1068 et
1125 1009 1150 1067 si
1164 1009 1236 1088 quid

100 1094 107 1100 ’
220 1101 292 1160 mihi
319 1103 447 1178 oreditis,
474 1101 659 1162 temerarium
685 1109 716 1161 et
742 1120 850 1178 vecors,
877 1102 972 1162 odhuo
997 1110 1096 1162 nostro
1118 1123 1236 1180 penore,

121 1183 306 1274 slslsqudm
333 1201 387 1258 sut
414 1198 533 1272 virtute,
560 1196 683 1256 felioius
733 1195 818 1256 Nihil
839 1205 936 1257 eutem
962 1204 1144 1276 potestesse
1174 1197 1236 1256 diu-

219 1296 344 1366 turnum,
359 1291 378 1320 ¹'
391 1291 437 1350 oui
451 1311 509 1350 non
522 1291 622 1350 subest
635 1289 719 1350 ratio.
760 1290 985 1362 Liseufeliciur
998 1291 1126 1370 aspirare
1136 1291 1235 1352 vides·

220 1389 278 1458 tur,
301 1385 423 1444 '‘tumen
451 1383 489 1444 sd
514 1384 648 1444 ultimum
671 1385 829 1445 temeritati
851 1403 909 1444 non
931 1385 1042 1446 suffieit.
1083 1386 1236 1446 Praetered

218 1477 320 1538 breves
348 1487 377 1538 et
398 1479 551 1540 mutabiles
576 1480 653 1540 vioes
676 1499 772 1538 rerum
794 1487 873 1555 sunt,
896 1487 928 1540 et
947 1481 1064 1538 fortune
1083 1485 1235 1558 nunquam

219 1567 238 1640 ξ’
247 1571 415 1651 simpliciter
428 1573 564 1654 indulget.
606 1573 742 1634 Forsitan
762 1575 807 1632 ite
826 1573 877 1634 Dii
896 1575 957 1633 lete
969 1573 1186 1650 ordinaverunt,
1201 1581 1236 1634 ut

93 1673 111 1726 l
125 1667 205 1733 5120
219 1665 374 1750 l’erssrum
388 1668 540 1746 imperium
564 1669 641 1748 quod
663 1669 788 1728 secundo
801 1687 888 1729 eursu
905 1689 958 1747 per
971 1688 1070 1729 uem
1085 1687 1176 1728 annos
1196 1670 1235 1728 sd

218 1779 362 1821 summum
375 1762 525 1842 festigium
538 1769 700 1838 evexerant,
713 1781 816 1842 magno
836 1769 918 1822 motu
930 1769 1113 1822 oonoutereut
1126 1763 1233 1840 magis,

216 1859 304 1936 qudm
331 1859 498 1938 affligerent,
526 1857 767 1934 admonerentque
799 1875 853 1916 nos
885 1855 1055 1936 fragilitatis
1086 1855 1232 1933 humanae,

216 1953 299 2029 eujus
322 1951 413 2011 nimie
436 1952 467 2010 in
489 1951 633 2029 prosperis
655 1950 743 2011 rebus
764 1950 873 2012 oblivio
892 1958 944 2011 est
987 1948 1102 2009 ¹'Modo
1116 1949 1232 2010 Graecis

216 2037 294 2106 u'ltrd
317 2047 426 2106 bellum
449 2047 658 2107 inferebemus:
687 2064 762 2104 nuno
784 2046 815 2104 in
838 2044 957 2105 sedibus
978 2045 1086 2104 nostris
1112 2046 1231 2123 propul-

3 2193 5 2196 ,
100 2127 312 2207 llr²=sssmus
326 2141 448 2201 illatum.
464 2141 644 2212 ‘sxdsetemur
665 2141 787 2202 invicem
800 2140 943 2201 verietate
964 2140 1093 2201 fortunae.
1136 2141 1229 2201 Vide·

184 2228 191 2253 ²
214 2236 283 2294 lioet
307 2213 549 2315 imperium'qffird
572 2238 673 2296 mutud
693 2236 867 2311 affectemus,
887 2256 945 2295 uns
967 2254 1039 2315 gens
1059 2255 1118 2296 uon
1140 2236 1228 2314 mpit

217 2328 369 2404 Gestorum,
383 2330 496 2394 etiamsi
520 2350 585 2409 spes
607 2346 665 2390 non
685 2330 824 2405 subesset,
838 2330 994 2389 ueoessitos
1007 2337 1106 2389 temen
1126 2330 1228 2389 stimu-

206 2424 275 2489 ,lure
297 2423 421 2485 deberet.
463 2424 513 2485 Ad
537 2432 666 2485 extreme
688 2432 857 2503 perventum
879 2434 932 2485 est
974 2424 1101 2485 Matrem
1122 2445 1226 2500 meum,

215 2513 286 2577 duas
313 2520 395 2595 filias,
424 2520 537 2581 Ochum
564 2521 594 2579 in
622 2540 702 2598 spem
728 2520 814 2597 hujus
840 2520 956 2597 imperii
975 2520 1115 2599 genitum,
1142 2519 1227 2577 illam

101 2610 196 2693 slsll'
207 2614 340 2684 sobolem
361 2615 448 2694 regiae
470 2616 580 2692 stirpis,
601 2616 670 2676 illos
691 2615 841 2693 principes,
867 2616 953 2675 duoes
973 2621 1087 2675 uestros
1108 2614 1226 2693 Regum

212 2709 313 2785 instar,
328 2710 439 2770 vinetus
452 2711 555 2771 hebet:
577 2710 660 2769 ¹⁹nisi
672 2710 750 2790 quod
762 2708 794 2769 in
806 2710 888 2770 vobis
902 2717 955 2785 est,
970 2710 1031 2787 ipse
1048 2728 1101 2789 ego
1115 2712 1225 2787 majore
1291 2775 1292 2778 Ἴ

212 2810 293 2883 perte
316 2806 372 2865 mei
396 2806 528 2883 captivus
547 2824 619 2865 sum.
661 2804 776 2881 Eripite
795 2804 815 2833 ¹⁰
828 2804 938 2864 viscere
956 2823 1019 2862 mea
1039 2822 1076 2862 ex
1089 2804 1223 2873 vinculis,
1291 2799 1292 2872 l

211 2901 360 2959 restituite
373 2899 444 2960 mihi
465 2900 595 2980 pignore,
615 2920 668 2978 pro
680 2898 787 2978 quibus
806 2899 868 2976 ipse
887 2899 961 2957 mori
982 2916 1040 2957 non
1052 2918 1163 2974 recuso,
1176 2919 1223 2977 ps·

211 3001 331 3071 rentem,
345 2996 461 3070 liberos,
475 3016 541 3053 num
555 2997 706 3074 conjugem
725 2994 756 3053 in
776 2994 828 3052 illo
841 3012 953 3053 oeroere
966 2992 1058 3053 omisi
1101 2993 1223 3055 (lredite

115 3100 286 3187 sqesuuno
313 3108 408 3148 omnes
434 3090 630 3149 hostendere
657 3089 695 3149 ed
718 3107 768 3149 vos
790 3107 902 3163 monus,
929 3087 1085 3164 implorare
1110 3088 1222 3166 patrios

212 3182 303 3258 Deos;
326 3201 408 3259 opem
420 3191 557 3257 vestram,
577 3183 811 3257 misericordiam,
824 3183 910 3241 fidem
929 3200 1091 3260 exposcere,
1110 3188 1146 3241 ut
1165 3200 1222 3242 ser·

211 3276 314 3349 vitute,
328 3282 362 3333 ut
378 3276 568 3361 eompedilurs,
582 3282 616 3334 ut
629 3276 787 3354 ²1preourio
800 3275 880 3335 riotu
892 3275 970 3352 ipsos
991 3273 1129 3334 liberetis.
1171 3274 1222 3332 An

99 3430 105 3440 „
211 3369 329 3441 creditis
342 3387 424 3447 aequo
438 3369 532 3428 unimo
546 3370 584 3430 iis
598 3370 714 3444 servire,
727 3390 848 3448 quorum
858 3370 955 3447 Reges
968 3386 1030 3426 esse
1042 3366 1223 3427 fastidiunt?

97 3478 99 3483 ’
211 3464 306 3525 Video
331 3464 476 3524 admoveri
500 3464 626 3525 hostium
648 3463 756 3525 uoiem:
777 3464 827 3523 sed
849 3463 907 3541 qud
926 3462 1044 3540 propius
1068 3461 1222 3521 discrimen

99 3568 119 3621 l
131 3558 324 3635 ‘seltooedq
338 3559 392 3619 hoo
405 3560 500 3619 minus
513 3557 568 3633 his,
582 3578 646 3637 quoe
660 3558 729 3633 dixi,
743 3578 856 3635 possum
870 3576 932 3617 esse
946 3562 1103 3635 contentae
1125 3556 1220 3630 ”Per‚
1257 3570 1259 3576 ’

211 3675 264 3735 ego
275 3675 334 3731 uos,
348 3653 425 3714 Deos
438 3654 557 3732 patrios,
571 3661 767 3731 aeteruumque
781 3653 885 3731 ignem,
898 3652 949 3731 qui
962 3650 1116 3728 praefertur
1124 3650 1222 3710 alturi-

117 3747 123 3753 ’
211 3756 264 3816 bus
272 3754 470 3834 fulgoremque
485 3754 554 3812 solis
564 3754 642 3811 intre
654 3753 723 3811 fines
732 3749 810 3828 regni
819 3750 876 3807 mei
886 3749 1014 3823 orientis,
1022 3768 1074 3825 per
1083 3756 1222 3808 oeternum

211 3850 378 3909 memorium
401 3848 480 3929 Gyri,
502 3849 553 3929 qui
576 3847 742 3923 sdemptum
770 3844 868 3904 Medis
895 3843 1041 3921 Lydisque
1068 3844 1221 3923 imperium
