2592 4400
172 354 228 416 106
519 372 660 425 cursui
690 372 828 413 cunrrr

166 510 272 571 deindd
294 510 353 586 olii,
367 510 558 592 laceratisque
578 513 718 587 vestibus,
740 512 857 593 lugubri
876 520 907 573 et
928 512 1051 575 barbaro
1066 514 1193 573 ululatu

167 607 281 685 Regem
293 606 446 684 deplorare
459 615 616 685 cuperant

227 705 273 761 33.
295 700 404 777 Persas,
415 700 453 761 ad
464 702 532 761 illos
542 703 666 763 clamore
676 703 798 781 perlato,
810 704 928 763 attoniti
939 712 1029 778 metu,
1043 723 1098 763 nec
1107 724 1195 763 arma

166 794 278 874 capere,
292 816 330 855 ne
352 797 382 855 in
404 797 578 857 Bactrianos
600 798 771 873 inciderent,
786 817 838 857 neo
859 799 1006 878 quiescere
1027 800 1193 874 audebant,

83 890 204 976 &lune
219 888 248 921 ¹⁹
248 892 338 971 impie
364 892 498 953 deserere
522 892 635 973 Regem
650 893 838 953 viderentur:
869 892 979 953 Varius
1000 912 1033 951 ae
1048 894 1194 953 dissonus

167 988 275 1047 clamor
298 988 360 1047 sine
384 988 468 1063 duce,
481 1000 518 1046 ac
540 989 602 1047 siue
624 988 755 1065 imperio,
777 989 848 1047 totis
870 988 974 1047 castris
995 989 1192 1047 referebatur.

169 1084 263 1143 Besso
277 1091 308 1143 et
331 1068 498 1143 Nabarzani
518 1084 728 1143 nunciaverant
745 1084 800 1158 sui,
816 1083 929 1163 Regem
943 1104 960 1143 a
975 1084 1133 1161 semetipso
1150 1085 1193 1141 in·

168 1187 344 1256 teremptum
372 1198 443 1237 esse.
485 1178 628 1237 Planctus
655 1198 704 1237 eos
733 1178 894 1256 deceperat.
951 1178 1057 1258 Itaque
1085 1180 1194 1238 citatis

168 1276 250 1354 equis
271 1273 418 1349 advolent,
432 1273 623 1352 sequentibus
644 1293 718 1347 quos
732 1274 774 1332 ad'
792 1273 983 1333 ministerium
1006 1273 1126 1332 sceleris
1141 1274 1194 1333 de-

148 1364 318 1447 tdegerant:
351 1373 383 1427 et
409 1370 478 1427 calm
504 1368 724 1428 tabernaculum
751 1368 934 1455 intremunt„
949 1368 1044 1448 ¹⁸quia
1072 1368 1193 1447 Regem

167 1465 267 1524 rivere
280 1462 422 1541 spadones
436 1463 611 1538 indicabant,
627 1464 841 1541 comprehendi,
852 1462 1011 1541 vincirique
1023 1466 1191 1541 jusserunt

169 1559 237 1618 Rex
260 1578 348 1617 curru
367 1558 537 1635 psallente
551 1567 661 1633 vectus,
677 1568 707 1618 et
729 1559 858 1617 Deorum
873 1561 921 1617 ¹⁷a
943 1560 1004 1616 suis
1026 1559 1191 1619 honoribus

168 1655 273 1729 cultus,
289 1654 309 1683 ¹⁰
317 1654 401 1713 nulla
414 1658 534 1714 exterat
545 1674 599 1732 ope
609 1654 737 1729 admota,
753 1655 885 1731 captivus
897 1672 1044 1713 servorum
1059 1673 1191 1733 suorum,

168 1748 199 1809 ih
213 1750 363 1810 sordidum
377 1750 541 1810 vehiculum
555 1750 682 1827 pellibus
696 1750 823 1829 undique
837 1756 1000 1809 contectum
1015 1750 1188 1827 imponitur.

91 1832 173 1924 W(
170 1846 299 1905 Pecunia
312 1845 406 1925 Regis
419 1853 450 1904 et
469 1845 610 1923 supellex,
625 1846 708 1924 quasi
731 1847 798 1922 jure
813 1846 891 1920 belli,
903 1843 1054 1922 diripitur:
1077 1846 1189 1905 onusti·

168 1962 225 2020 que
238 1943 338 2020 preedt
352 1960 404 2019 per
417 1940 512 1999 scelus
526 1940 662 1999 ultimum
677 1944 771 2019 parte,
785 1941 885 2020 lugam
899 1940 1062 1998 intendunt.
1098 1941 1188 1999 Arta·

167 2038 256 2097 barus
280 2058 346 2097 cum
370 2037 416 2112 iis,
438 2036 490 2115 qui
503 2033 636 2113 turperis
658 2036 808 2113 parebant,
836 2035 1004 2114 Graecisque
1032 2034 1189 2113 militibus,

116 2121 121 2127 ¹
168 2134 361 2193 Parthienem
384 2132 517 2210 petebat,
553 2133 649 2191 omnia
676 2131 786 2189 tutiora
812 2131 1023 2210 parricidarum
1050 2134 1189 2191 contuitu

168 2217 259 2288 ratus.
303 2229 404 2287 Persae
427 2229 577 2306 promissis
601 2228 692 2314 Bessi⁸
715 2229 835 2303 onerati,
858 2227 983 2286 maxime
1008 2228 1077 2306 quia
1100 2249 1188 2287 nemo

149 2325 243 2383 callus
256 2331 320 2382 erat
333 2343 419 2401 quem
433 2331 630 2403 sequerentur,
646 2310 824 2400 conjunxere
839 2342 870 2382 se
884 2323 1065 2399 Bruttianis,
1082 2343 1187 2402 agmen

41 2459 57 2488 .
168 2439 269 2478 eorum
283 2420 372 2476 tertio
386 2419 513 2477 assecuti
534 2419 590 2477 die.
633 2419 681 2476 Ne
695 2428 792 2477 tamen
816 2418 905 2477 honos
920 2418 996 2497 Regi
1017 2438 1076 2477 non
1100 2419 1186 2478 habe·

1215 944 1223 957 Ι

1277 1092 1278 1105 1

1277 1760 1278 1769 r

1277 1780 1278 1793 1

1277 2038 1278 2049 1

1277 2050 1278 2065 1

1277 2134 1278 2141 r

1277 2148 1278 2157 1

166 2499 256 2588 retur,
271 2513 366 2572 emeis
379 2512 564 2590 compedibus
578 2512 701 2571 Darium
720 2512 857 2588 vinciunt,
879 2532 952 2573 nova
972 2512 1101 2573 ludibria
1121 2513 1187 2574 sub
1277 2501 1278 2562 ἶ

169 2607 237 2676 inde
258 2607 439 2686 excogitante
466 2608 593 2666 fortuna
640 2607 683 2666 Et
708 2626 744 2665 ne
769 2607 846 2666 forte
874 2607 954 2665 cultu
982 2607 1061 2685 regio
1089 2615 1188 2684 posset
1277 2623 1278 2628 ¹

168 2704 291 2784 agnosci,
301 2703 560 2781 sordidispellibus
568 2702 734 2761 vehiculum
744 2701 914 2762 intexerent.
944 2701 1045 2782 Ignoti
1055 2704 1188 2779 jumenta

83 2779 301 2879 Qt'agebant,
315 2819 350 2858 ne
364 2798 620 2877 percunctantibus
634 2798 665 2855 in
679 2798 791 2877 agmine
804 2797 959 2856 monstrari
972 2805 1077 2876 posset.
1115 2796 1187 2858 (lus-

168 2896 251 2954 todes
264 2895 364 2973 procul
376 2894 574 2973 sequebantur.

228 2990 322 3048 XIIL
345 2994 391 3048 34.
413 2990 590 3063 Alexander,
607 2988 727 3047 ¹audito
750 2987 873 3046 Darium
892 2987 1015 3047 movisse
1036 2988 1072 3048 ab
1094 2988 1187 3049 Reba-

169 3085 254 3159 tanis,
269 3083 374 3146 omisso
387 3085 490 3144 itinere
503 3085 581 3162 quod
593 3085 712 3162 patebat
726 3084 757 3142 in
777 3085 914 3159 Mediam,
928 3083 1092 3162 fugientem
1112 3087 1185 3160 inse-

167 3180 217 3259 qui
230 3179 325 3257 pergit
338 3181 461 3238 strenue,
508 3178 602 3240 Tabas
616 3179 754 3256 oppidum
764 3187 809 3238 est
823 3180 852 3237 in
866 3179 1053 3238 Paraetacene
1063 3180 1186 3239 ultime:

100 3265 162 3356 fill
167 3278 224 3356 quc
238 3276 289 3335 ubi
302 3275 440 3352 pervenit,
452 3274 495 3334 ibi
508 3275 667 3354 transfugae
680 3273 823 3350 nunciant,
837 3275 1013 3354 praecipitem
1027 3276 1098 3354 fuga
1113 3275 1184 3334 Bae·

168 3381 215 3432 tra
227 3380 327 3449 petere
340 3370 469 3431 Darium
512 3370 645 3432 Certiora
659 3371 763 3429 deiude
778 3371 925 3450 cognoscit
945 3390 982 3428 ex
1002 3369 1186 3449 Bagysthaue

18 3437 348 3546 “Kilebylonim
380 3470 466 3525 “non
488 3465 619 3546 equidem
640 3467 771 3525 vinctum
793 3465 911 3546 Regem,
936 3465 986 3525 sed
1008 3466 1039 3524 in
1058 3467 1185 3543 periculo

169 3583 230 3622 esse
244 3571 295 3620 aut
318 3561 430 3638 mortis,
444 3570 496 3620 aut
515 3562 723 3622 vinculorum.”
784 3561 858 3636 Rex,
873 3561 994 3620 ducibus
1015 3545 1185 3637 convocatis,

169 3663 187 3694 ‘⁴
202 3657 393 3731 Maximum,”
407 3657 511 3736 inquit,
533 3662 551 3690 “
563 3675 643 3734 opus,
659 3656 711 3715 sed
733 3656 814 3716 labor
836 3657 1022 3717 brevissimus
1047 3667 1184 3734 superest,

94 3737 276 3834 asenarius
289 3753 367 3810 haud
377 3753 486 3829 procul,
501 3753 660 3810 destitutus
681 3772 698 3808 a
718 3752 786 3826 suis,
802 3760 852 3809 aut
865 3752 986 3826 vinctus,
1003 3760 1053 3810 aut
1075 3772 1186 3830 oppres·

169 3866 228 3922 sus,
241 3854 294 3906 est.
336 3847 374 3906 In
388 3847 439 3906 illo
449 3866 571 3924 ¹corpore
585 3847 679 3923 posita
693 3856 738 3905 est
751 3847 872 3906 victoria
885 3854 993 3922 nostra,
1004 3857 1035 3906 et
1044 3855 1128 3908 tauta
1141 3868 1185 3908 res
