2592 4400
412 413 545 474 *nrnnn
576 414 609 453 v.
640 416 726 455 cnr.
766 416 834 456 x11.
1079 402 1131 457 105

415 477 424 499 Ι

116 559 239 617 rentum
250 557 324 625 erat,
337 556 373 609 nt
385 557 446 610 tam
459 551 654 627 periculosum
667 560 742 613 esset
755 571 812 613 non
826 554 940 615 credere
962 554 1029 629 suis,
1044 559 1132 633 quam

118 646 223 724 decipi.
265 645 400 723 Triginta
412 644 507 703 millia
520 653 609 721 erant,
623 666 742 725 quorum
762 648 900 708 inclinata
913 650 943 708 in
958 650 1051 709 scelus
1064 650 1133 710 leri·

116 748 166 823 tas
186 740 351 799 timebatur.
406 738 537 810 Quatuor
559 740 652 799 millia
674 742 782 800 Patron
803 742 946 821 babebat3
976 745 1080 823 quibus
1108 745 1133 803 si

117 834 309 897 'credidisset
321 834 445 895 salutem
458 854 547 910 suam,
561 835 696 895 damnata
710 837 891 913 popularium
902 839 966 914 fide,
979 840 1133 916 parricidio

29 905 353 1029 FJo‘excusationem
366 928 484 990 videbat
497 929 600 989 offerri.
651 930 756 1009 Itaque
781 934 958 1009 praeoptabat
978 932 1133 1009 immerito,

117 1026 208 1104 quim
227 1026 294 1100 jure
307 1023 418 1083 violari.
479 1024 571 1083 Besso
591 1031 688 1082 tamen
710 1024 881 1085 insidiarum
900 1028 1049 1086 consilium
1069 1046 1133 1105 pur·

118 1119 213 1199 genti,
226 1118 384 1196 respondit,
406 1119 596 1179 “Alexandri
618 1120 676 1179 sibi
694 1140 751 1178 non
767 1121 861 1180 minos
879 1122 1032 1197 justitiam,
1045 1126 1134 1201 quam
1189 1110 1190 1115 ἵ

119 1214 262 1287 virtutem
283 1234 345 1277 esse
366 1221 550 1291 perspectam
596 1214 674 1273 Falli
697 1234 745 1274 eos
768 1216 819 1294 qui
840 1217 1015 1294 proditionis
1038 1218 1076 1277 ab
1100 1236 1134 1275 eo

119 1310 269 1388 praemium
281 1316 455 1387 exspectent.
506 1307 635 1369 Violatae
648 1309 717 1368 fidei
737 1312 880 1370 neminem
894 1311 1052 1372 'acriorem
1072 1313 1135 1371 iore

22 1392 126 1479 fys
119 1404 266 1468 vindicem
279 1404 485 1482 ultoremque’'
536 1404 660 1482 Jamque
673 1424 737 1482 ¹nor
757 1404 917 1484 appetebat,
938 1409 1007 1466 oum
1027 1408 1133 1481 Persas,

119 1520 201 1559 more
214 1499 300 1559 solito
312 1499 401 1558 armis
414 1498 528 1575 positis,
544 1498 582 1556 ad
595 1500 757 1560 necessaria
770 1520 806 1561 ex
820 1502 951 1579 proximo
964 1503 1028 1563 rioo
1042 1504 1134 1561 feren-

119 1596 159 1654 du
183 1595 356 1655 discurrunt
406 1593 450 1653 At
472 1594 625 1653 Bactriani
645 1594 691 1672 (ut
714 1595 885 1675 imperatum
906 1604 969 1657 erat
991 1618 1009 1656 a
1030 1598 1134 1677 Besso)

122 1693 143 1720 ¹⁰
153 1690 260 1749 armati
280 1689 404 1749 stabant.

183 1790 229 1844 32.
252 1785 336 1845 Inter
348 1786 411 1845 baec
425 1784 534 1844 Darius
547 1784 727 1845 Artabanum
752 1787 839 1845 acciri
859 1788 962 1865 jubet,
985 1788 1133 1865 expositis·

31 1870 178 1965 quue
200 1901 267 1960 quac
290 1881 401 1939 Patron
430 1880 584 1954 detulerat,
609 1881 715 1939 “haud
743 1882 903 1957 dubitare,'³
929 1885 948 1913 ¹¹
962 1883 1134 1957 Artabanus,

121 1978 222 2056 “quin
246 1975 454 2039 transeundum
476 1982 555 2034 esset
578 1975 608 2033 in
633 1982 729 2034 castra
750 1969 1134 2055 (lraeoorum,'’[rospondit,]

117 2073 250 2132 “Persas
261 2090 378 2149 quoque
392 2069 522 2148 periculo
546 2070 666 2148 vulgato
695 2073 875 2131 secuturos.”
931 2072 951 2101 ¹¹
963 2071 1135 2130 Destinatus

121 2168 197 2227 sorti
210 2186 279 2241 suae,
293 2174 326 2225 et
346 2168 408 2243 jam
428 2164 539 2224 nullius
564 2164 689 2226 salubris
704 2166 818 2224 consilii
838 2166 961 2244 patiens,
976 2166 1091 2226 unicam
1105 2166 1135 2225 in

120 2253 307 2322 illaborare
322 2280 414 2338 opem,
421 2261 614 2335 Artabanum,
628 2260 764 2320 ultimum
780 2262 863 2320 illum
876 2263 1000 2336 visurus,
1015 2262 1135 2340 amplec-

35 2343 212 2443 Jostitur,
235 2356 256 2421 ¹¹³
264 2355 448 2434 profusisque
470 2355 581 2413 mutuis
601 2355 746 2433 lacrymis,
761 2356 948 2416 inhaerentem
969 2357 1026 2418 sibi
1049 2355 1137 2416 avelli

128 2452 234 2529 jubet:
256 2446 350 2528 capite
373 2449 482 2508 deinde
505 2450 601 2510 velato
624 2471 661 2509 ne
675 2451 752 2510 inter
775 2452 903 2529 gemitus
925 2452 1136 2530 digredientem
1252 2483 1265 2510 ι

84 2551 88 2556 ’
121 2547 205 2607 velut
227 2565 336 2622 aroge
358 2545 531 2624 intueretur,
551 2545 582 2602 in
604 2545 723 2604 humum
746 2565 877 2622 pronum
893 2565 995 2623 corpus
1020 2546 1137 2622 abjecit.

32 2663 37 2674 ·
123 2643 201 2701 'lum
224 2641 294 2700 verb
317 2639 458 2698 custodiae
481 2641 545 2716 ejus
569 2640 687 2713 assueti,
709 2659 781 2719 quos
801 2640 893 2718 Regis
914 2641 1037 2700 salutem
1058 2637 1136 2699 l‘vel

122 2722 251 2815 periculo
265 2735 336 2795 vitae
355 2734 434 2792 tueri
446 2733 616 2811 oportebat,
631 2735 737 2811 dilapsi
751 2741 829 2810 sunt,
843 2735 960 2794 armatis
981 2753 1054 2812 qnos
1075 2735 1136 2810 jam

43 2811 281 2907 qsffadventare
294 2828 451 2888 credebant
463 2828 542 2888 haud
556 2829 614 2887 rati
626 2849 658 2888 se
672 2830 788 2888 futuros
801 2848 922 2906 pares-2
945 2826 1054 2907 Ingens
1068 2828 1136 2905 ergd

122 2926 152 2984 in
177 2922 365 2984 tabernaculo
386 2922 514 2981 solitudo
537 2929 609 2997 erat,
636 2923 736 3000 paucis
764 2922 949 3000 spadonibus,
975 2921 1055 3001 (quia
1078 2922 1136 3000 qud

123 3019 307 3080 discederent
320 3037 377 3076 non
398 3017 555 3095 habebant)
570 3017 827 3078 circumstantibus
849 3017 968 3094 Regem.
989 3069 992 3074 .
1012 3017 1057 3076 At
1076 3017 1135 3092 ille,

122 3115 244 3176 remotis
257 3113 386 3188 arbitris,
402 3112 455 3172 did
468 3112 548 3173 aliud
570 3120 659 3192 atque
681 3113 761 3172 aliud
784 3113 936 3173 eonsilium
949 3113 1045 3172 animo
1059 3113 1137 3173 volu·

124 3211 213 3279 tabat.
267 3209 395 3287 Jamque
418 3208 614 3283 solitudinem,
642 3210 731 3288 quam
753 3209 840 3286 panto
868 3207 938 3268 ante
958 3229 1011 3287 pro
1034 3208 1137 3268 solatio

60 3291 135 3378 W
123 3306 278 3384 petiverat,
299 3321 429 3381 perosus,
457 3302 607 3364 Bubacem
632 3303 730 3370 vocari
761 3304 863 3380 jubet3
898 3324 984 3383 quem
1011 3305 1137 3376 intuens,

125 3404 141 3436 “
153 3400 228 3473 Ite,”
243 3399 347 3477 inquit,
363 3397 534 3469 “consulite
549 3397 651 3474 vobis;
674 3397 712 3456 ad
731 3399 868 3462 ultimum
889 3399 967 3476 Regi
980 3405 1078 3460 restro
1093 3397 1139 3471 (ut

125 3493 262 3571 decebat)
289 3492 347 3551 fide
373 3491 513 3551 exhibita.
570 3491 636 3570 Ego
663 3492 713 3552 hie
740 3492 833 3571 legem
854 3493 909 3552 lati
928 3492 986 3552 mei
1008 3499 1137 3568 expecto.

126 3589 265 3651 Forsitan
297 3587 422 3662 mireris,
449 3585 527 3664 qudd
553 3587 644 3646 vitam
678 3606 735 3646 non
762 3588 875 3647 finiam:
907 3587 1001 3646 alieno
1029 3583 1139 3644 scelere

125 3688 215 3765 qnam
229 3703 293 3743 meo
307 3683 381 3742 mori
394 3681 499 3740 malo.”
541 3681 616 3745 Post
636 3681 711 3740 banc
733 3701 841 3756 vocem,
856 3680 944 3760 spado
958 3680 1069 3758 gemitu
1081 3697 1141 3736 non

65 3767 213 3852 ss‘bnodb
237 3778 464 3852 tabernaculum,
488 3775 652 3852 sedetiam
676 3775 969 3858 eastraoomplerit
1001 3773 1141 3852 lrrupbrs

287 3874 324 3933 5*
