2592 4400
421 372 544 414 amau
573 372 633 412 vr.
667 350 810 413 crrsx.
1071 355 1126 412 133

104 514 258 575 convivio:
278 513 397 592 repente
419 531 477 571 nou
498 531 579 571 reum
598 510 695 588 modo,
710 511 762 571 sed
776 511 864 571 etiam
878 510 1053 587 damnatum,
1067 512 1125 571 imo
1185 502 1188 509 ’

103 614 237 674 vinetum
262 610 457 693 intuebantur.
510 608 633 669 Subibat
655 608 764 667 animos
785 608 983 666 Parmenionis
1003 628 1124 688 quoque,

104 706 183 765 tanti
203 704 295 781 ducis,
319 712 380 763 tam
402 704 474 764 clari
495 704 576 779 ciris,
589 704 716 777 fortuna,
731 703 791 782 qui,
805 703 890 761 modo
913 703 1025 763 duobus
1045 704 1123 780 liliis,

104 800 237 860 Hectore
250 807 279 859 et
293 801 443 874 Nicanore,
458 799 584 874 orbatus,
600 799 619 827 ¹⁴
628 818 694 857 aum
708 818 751 873 eo,
765 817 851 877 quem
865 798 1007 877 rehquum
1022 800 1123 857 calam·

102 896 164 954 itas
177 896 293 969 fecerat,
308 895 410 955 absens
424 893 532 953 diceret
554 911 676 953 oausam.
739 894 844 972 Itaque
867 895 1011 971 Amyntas
1032 896 1124 975 Regis

103 993 230 1067 Praetor,
244 992 430 1050 inclinantem
440 989 478 1049 ad
490 990 716 1049 misericordiam
728 991 894 1049 concionem
907 995 1006 1049 ruralis
1021 994 1123 1068 aspert
1164 1041 1166 1045 .

101 1087 136 1145 iu
151 1087 299 1146 Philotam
312 1086 441 1146 oratione
454 1086 626 1145 commovit:
648 1088 665 1120 “
677 1084 814 1144 Proditcs
829 1104 876 1143 eos
890 1105 951 1145 esse
964 1085 1121 1147 Barbaria:

100 1182 246 1241 neminem
260 1181 297 1241 ad
310 1185 459 1261 conjugem
473 1201 563 1256 snam,
573 1181 717 1239 nemiuem
727 1180 758 1238 in
768 1181 891 1258 patriam
904 1186 934 1240 et
943 1180 979 1240 ad
989 1188 1122 1259 parentes

98 1278 194 1337 fuisse
214 1278 393 1337 rediturum:
407 1277 488 1337 velut
509 1283 645 1335 truuoum
667 1295 778 1354 corpus,
801 1276 916 1354 dempto
936 1278 1039 1355 capite,
1060 1278 1133 1349 sine,

100 1374 219 1451 spiritu,
234 1375 295 1432 siue
308 1373 430 1448 nomine,
444 1372 474 1429 in
488 1371 584 1430 aliena
598 1374 677 1430 terra
691 1371 848 1432 ludibrium
867 1371 959 1432 hostis
978 1373 1121 1433 futuros.'’

100 1470 122 1498 ¹⁶
132 1469 367 1547 Haudquaquam
389 1486 442 1545 pro
466 1486 516 1543 spe
538 1465 640 1543 ipsius,
664 1466 803 1545 Amyntae
825 1468 917 1526 oratio
938 1475 1022 1547 grata
1045 1469 1122 1549 Regi

97 1564 170 1639 fuit,
183 1564 262 1641 qubd
274 1564 437 1641 conjugum,
451 1561 530 1641 qudd
542 1562 645 1639 patriae
665 1560 834 1637 admonitos,
848 1561 988 1641 pigriores
1009 1564 1047 1621 ad
1069 1583 1121 1623 oae-

98 1666 167 1717 tera
180 1660 278 1716 munia
290 1656 470 1736 exsequenda
482 1656 606 1715 fecisset.
650 1656 732 1714 Tunc
747 1654 863 1731 Ooenus,
877 1676 1038 1735 quanquam
1052 1658 1120 1717 Phi·

97 1754 171 1813 lotae
194 1772 319 1811 sororem
339 1749 518 1809 matrimonio
541 1770 638 1811 secum
663 1752 868 1827 conjunxerat;
901 1757 997 1809 tamen
1022 1752 1120 1811 aorids

96 1852 191 1929 quam
204 1848 355 1927 quisquam
368 1847 400 1905 iu
413 1846 562 1905 Philotam
575 1846 708 1905 iuventus
730 1851 782 1919 est,
809 1849 825 1881 “
836 1846 854 1873 ¹⁶
863 1846 1037 1923 parricidam
1057 1868 1120 1908 esse

96 1944 203 2023 Regis,
230 1943 343 2020 patriae,
367 1940 542 2016 exercitus,''
564 1941 733 2000 clamitans:
753 1960 918 2019 saxumque,
945 1942 1023 2019 quod
1042 1942 1118 2001 forte

96 2039 278 2115 antepedes
299 2038 424 2115 jacebat,
439 2036 571 2113 arripnit,
595 2034 751 2094 emissurus
776 2035 807 2093 in
832 2054 914 2112 eum;
936 2042 969 2094 ut
990 2036 1119 2115 plerique

95 2134 260 2208 credidere,
274 2132 426 2191 tormentis
440 2131 611 2192 subtrahere
624 2130 762 2208 cupiens:
784 2130 833 2189 sed
844 2130 911 2189 Rex
924 2149 1040 2189 manum
1054 2133 1118 2211 ejus

94 2230 236 2306 inhibuit,
251 2229 407 2288 “dicendae
419 2230 502 2306 priris
515 2247 610 2287 causae
618 2226 723 2288 debere
733 2227 794 2285 fieri
808 2233 981 2304 potestatem
995 2247 1053 2305 reo,
1066 2245 1118 2288 neo

95 2327 184 2384 ahter
195 2324 320 2401 judicari
332 2343 485 2402 passurum
499 2325 559 2400 se,’'
574 2323 723 2382 affirmans.
746 2323 822 2381 llum
836 2321 931 2382 dicere
944 2328 1043 2384 rursus
1054 2343 1118 2402 per·

94 2421 205 2487 missus
220 2419 362 2494 Philotas,
377 2419 439 2478 sive
452 2417 629 2479 conscientia
651 2417 777 2494 sceleris,
792 2418 853 2479 sive
873 2419 993 2496 periculi
1011 2420 1118 2500 magni·

94 2515 202 2575 tudine
224 2533 323 2573 amens
344 2521 374 2572 et
395 2513 548 2588 attonitus,
562 2532 619 2572 non
641 2513 775 2571 attollere
799 2513 905 2589 oculos,
928 2533 986 2572 non
1007 2514 1117 2574 hiscere

94 2610 232 2670 audebat.
274 2607 425 2686 hacrymis
447 2607 551 2666 deiude
572 2607 768 2683 manantibus,
794 2607 940 2686 linquente
961 2609 1064 2684 auimo,
1086 2609 1117 2666 iu

93 2726 162 2766 enm
171 2725 190 2766 a
199 2723 256 2783 quo
264 2703 427 2777 tenebatur,
439 2701 570 2762 incubuit
582 2722 588 2762 :
604 2703 796 2781 abstersisque
807 2701 930 2760 amiculo
942 2703 1004 2778 ejus
1016 2703 1115 2778 oculis,

92 2801 238 2881 paulatim
264 2798 406 2876 recipiens
432 2797 568 2875 spiritum
594 2816 628 2855 ao
655 2816 763 2871 vocem,
797 2795 929 2855 dicturus
955 2797 1114 2858 videbatur.

94 2899 225 2975 Jamque
238 2895 304 2954 Rex
317 2894 432 2951 intuens
445 2911 519 2967 eum,
541 2896 559 2926 “
571 2892 772 2967 Macedones,”
793 2891 896 2970 inquit,
920 2895 937 2926 “
948 2890 984 2950 de
997 2899 1027 2950 te
1038 2893 1116 2969 judi·

93 2991 191 3053 caturi
204 2996 291 3050 sunt:
312 3007 418 3068 quaero,
433 3007 469 3045 an
482 2987 577 3064 patrio
591 3005 720 3045 sermone
734 2987 773 3045 sis
794 2984 870 3063 apud
891 3005 940 3046 eos
959 3006 1062 3047 usurus
1073 2989 1086 3047 ἲ
1098 2989 1115 3021 ”

94 3089 172 3148 Tum
194 3086 344 3146 Philotas:
369 3084 511 3142 “Praeter
533 3080 736 3158 Macedonas,'’
759 3082 862 3162 inquit,
885 3083 1044 3162 “plerique
1067 3084 1115 3143 ad·

92 3191 174 3258 sunt,
188 3202 260 3262 quos
280 3180 408 3254 faoihria,
421 3198 487 3257 quaa
508 3177 611 3252 dicam,
625 3184 810 3254 percepturos
824 3178 957 3255 arbitror,
973 3179 998 3238 si
1012 3178 1114 3240 eadem

92 3281 197 3360 hugus
210 3279 295 3336 fuero
307 3295 387 3350 usus,
401 3280 460 3354 qut
473 3279 507 3332 tn
521 3273 626 3352 egisti:
646 3293 706 3332 nou
720 3273 755 3333 cb
769 3272 856 3348 aliud,
872 3274 965 3344 credo,
979 3277 1067 3355 quam
1080 3285 1114 3336 ut

93 3375 188 3435 oratio
201 3380 254 3430 tua
267 3370 391 3450 intelligi
402 3375 501 3446 posset
514 3368 702 3446 aplnribus.’'
744 3368 821 3427 Turn
836 3369 921 3430 Rex:
943 3373 960 3404 “
973 3371 991 3398 ¹⁷
1001 3369 1115 3448 Ecquid

50 3523 55 3532 .
92 3469 203 3532 videtis
225 3465 322 3525 ¹‘odio
345 3465 434 3524 etiam
454 3463 593 3522 sermonis
606 3462 697 3540 patrii
710 3463 857 3523 Philotam
871 3464 989 3523 teneri?
1029 3463 1114 3524 Solus

93 3566 200 3645 quippe
210 3560 326 3621 fastidit
338 3580 405 3618 eum
418 3559 523 3618 dicere.
545 3557 603 3618 sed
616 3558 695 3616 dicat
709 3561 787 3633 sane,
798 3567 953 3638 utcumque
966 3558 1046 3616 cordi
1060 3567 1114 3635 est,

94 3661 162 3720 dinn
175 3656 377 3730 memineritis,
392 3654 473 3733 arque
487 3654 571 3712 illum
585 3673 603 3711 a
615 3660 715 3712 nostro
729 3673 807 3712 more
821 3661 907 3733 atque
921 3671 1050 3714 sermone
1065 3653 1114 3714 ab·

94 3755 239 3816 horrere.'’
281 3752 380 3829 Atque
392 3752 409 3778 ¹⁹
419 3751 461 3808 ita
474 3749 608 3808 concione
622 3748 756 3808 excessit.

152 3851 194 3914 X.
216 3852 264 3913 29.
287 3845 364 3906 Tum
385 3845 537 3905 Philotas:
568 3847 587 3880 “
600 3834 727 3919 Verha,”
749 3843 852 3922 inquit,
876 3847 893 3878 “
904 3843 1050 3904 innocenti
1071 3862 1114 3904 re·
