2592 4400
419 368 542 409 ursan
573 370 606 408 v.
639 370 725 409 cer.
756 370 808 410 ιν.
1082 354 1121 411 89

87 515 229 586 paveret
254 526 350 586 rupes,
378 506 520 567 abscissas
543 515 574 566 et
601 508 729 589 undique
757 517 927 588 praeruptae,
948 510 979 569 in
999 530 1121 589 quarum

87 604 307 664 cacuminibus
330 612 415 662 extra
436 604 489 662 teli
507 606 619 680 jectum
641 604 767 665 Barbari
791 606 918 680 stabant,
941 608 960 635 ¹¹
973 605 1008 664 de
1023 606 1119 664 indus-

89 700 157 757 tria
175 699 282 802 peisti,
297 706 327 757 et
341 699 513 777 paventibus
537 698 656 774 similes,
672 700 763 759 donec
786 702 815 759 in
830 701 1007 761 arctissimas
1021 703 1120 761 fauces

86 802 275 871 penetraret
288 812 397 873 agmen.
442 792 528 864 Quod
541 794 593 853 ubi
616 802 785 872 contemptu
807 795 852 854 sui
873 816 992 874 pergere
1006 797 1128 871 vident·

14 866 160 949 &Qum
189 891 263 949 verb
287 889 412 966 ingentis
436 889 645 967 magnitudinis
669 909 739 948 saxa
760 908 810 967 per
836 892 1009 950 ¹²montium
1029 910 1121 969 prone

88 985 273 1058 devolvunt,
294 1004 359 1062 quoe
383 984 499 1042 incussa
522 986 632 1061 saepirls
657 986 875 1062 subjacentibus
899 986 991 1063 petris
1011 989 1119 1064 majore

88 1080 121 1137 vi
137 1080 340 1139 incedebant:
365 1100 418 1138 nee
432 1080 563 1159 singulos
577 1080 671 1155 modo,
688 1081 708 1110 ¹¹
721 1080 773 1139 sed
794 1082 909 1160 agmina
922 1082 1116 1159 proterebant.

89 1176 218 1263 Fundis
231 1195 346 1254 quoquc
359 1176 475 1234 excussi
498 1176 619 1253 lapides,
635 1184 666 1234 et
679 1178 795 1255 sagittae
808 1177 937 1256 undique
951 1177 1117 1257 ingereban-

88 1279 152 1330 tur.
216 1272 281 1330 Nec
313 1271 345 1329 id
378 1272 572 1330 miserrimum
605 1272 731 1331 fortibus
758 1272 830 1333 viris
857 1280 928 1348 erat,
958 1273 1010 1331 sed
1039 1274 1117 1352 qued
1188 1320 1195 1337 .

16 1349 187 1424 Slainulsi
210 1366 338 1445 quidem,
353 1366 479 1425 ferarum
498 1367 569 1441 ritu,
583 1366 665 1427 velut
684 1368 714 1425 in
735 1368 821 1427 fovet
835 1368 1015 1445 deprehensi,
1029 1370 1118 1428 eaede·

87 1458 212 1521 rentur.
255 1462 307 1521 Ira
321 1462 412 1541 igitur
426 1461 457 1519 in
471 1461 581 1521 rabiem
595 1466 689 1536 verse,
704 1464 862 1522 eminentia
882 1484 952 1523 ssxe
965 1464 1116 1542 complexi,

88 1567 126 1616 ut
150 1558 193 1616 ad
223 1557 337 1616 hostem
360 1557 553 1633 pervenirent,
574 1558 649 1615 elius
670 1558 760 1615 elium
784 1558 915 1618 levantes
938 1561 1116 1620 conabantur

90 1653 279 1713 ascendere:
302 1652 366 1711 “ee
389 1653 454 1729 ipsa
477 1652 635 1711 multorum
661 1654 747 1713 simul
771 1654 904 1713 menibus
927 1663 1058 1732 correpte
1086 1663 1116 1713 et

89 1742 247 1822 consistes,
261 1748 291 1806 in
315 1768 373 1822 eos,
386 1748 437 1826 qui
462 1756 686 1824 commoverant,
707 1749 884 1810 recidebant.
928 1751 946 1779 ¹⁶
957 1750 986 1808 N
988 1769 1020 1808 ec
1040 1757 1116 1809 stare

35 1832 178 1922 ἧῐότςὸ,
209 1862 264 1902 neo
290 1844 356 1917 niti,
379 1863 417 1901 ne
440 1842 587 1901 testudine
611 1842 727 1922 quidem
751 1845 865 1922 protegi
886 1852 1029 1921 poterant,
1052 1848 1116 1903 cbm

91 1946 189 1999 tentae
204 1939 293 1997 molis
306 1958 394 1997 onere
413 1938 610 2016 propellerent
631 1938 767 1998 Barbari.
801 1938 931 2017 ,Regem
954 1958 1011 1998 non
1034 1940 1116 1999 dolor

90 2005 276 2109 modd,⁷⁴hed
303 2034 390 2093 etiam
416 2033 511 2111 pudor
532 2036 640 2092 temere
663 2034 693 2091 in
720 2034 787 2093 illas
816 2038 964 2113 angustias
992 2036 1116 2113 conjecti

91 2132 250 2189 exercitus
273 2130 404 2210 angebat
461 2130 594 2189 Invictus
623 2138 690 2188 ante
719 2150 780 2189 earn
808 2130 885 2189 diem
913 2132 1020 2207 fueret,
1042 2130 1115 2189 nihil

91 2217 212 2286 frustra
228 2246 335 2286 ausus:
356 2227 474 2304 impune
486 2226 598 2286 Ciliciae
611 2229 711 2292 fauces
726 2229 889 2287 intraverat
901 2247 907 2304 3
932 2228 952 2256 ¹⁶
964 2229 1036 2287 mari
1048 2247 1115 2306 quo·

28 2316 150 2401 «litque
164 2343 277 2382 novum
292 2324 349 2381 iter
361 2323 391 2380 in
406 2322 611 2400 Pamphyliam
632 2331 792 2400 aperuerat.
836 2324 917 2382 Tune
933 2325 953 2352 ²⁷
961 2324 1115 2383 haesitabat

93 2418 280 2496 deprehensa
300 2419 446 2492 felicitns3
468 2437 521 2476 nee
545 2418 626 2477 eliud
645 2419 805 2478 remedium
820 2426 892 2494 eret,
907 2421 994 2497 qudm
1007 2420 1115 2478 reverti

94 2515 185 2592 ''qud
205 2526 334 2574 venenet.
379 2514 483 2592 Itnqne
506 2513 589 2591 signo
602 2515 732 2592 receptui
755 2515 832 2589 dete,
854 2515 982 2574 densetis
1009 2514 1113 2574 ordini·

93 2609 159 2684 hus,
175 2611 326 2689 scutisque
340 2629 424 2687 super
437 2610 533 2686 capite
545 2610 694 2685 consertis,
706 2612 783 2670 retrd
797 2610 919 2670 evadere
934 2611 1001 2670 Rex
1014 2630 1113 2689 angue

94 2705 146 2764 tiis
158 2707 264 2783 jubet:
286 2705 409 2784 triginta
421 2705 504 2763 fuere
518 2704 620 2781 stadia,
634 2725 700 2784 quse
713 2705 837 2764 remensi
851 2713 927 2764 sunt.
1074 2767 1085 2788 α

29 2795 110 2861 33Γ
157 2801 220 2860 IV.
248 2804 288 2859 13.
312 2799 389 2858 Tum
415 2800 519 2858 eastris
542 2800 672 2878 undique
699 2809 799 2876 aperto
827 2799 1030 2876 locopositis,
1058 2819 1115 2858 non
1157 2787 1163 2804 ⁶

96 2895 269 2954 consultare
289 2894 375 2953 modd
395 2894 468 2972 quid
491 2895 634 2973 agendum
660 2902 746 2964 esset,
761 2894 813 2952 sed
827 2901 908 2953 vetes
931 2913 1045 2973 quoque
1068 2895 1113 2952 ad·

96 2987 199 3049 hibere
213 2990 304 3067 eoepit
324 3009 341 3048 a
361 2989 567 3066 superstitione
591 2988 688 3046 animi.
732 2988 812 3048 ¹Sed
833 2988 905 3067 quid
929 2997 998 3048 tunc
1012 2989 1114 3067 praedi·

97 3101 162 3142 cere
187 3084 375 3156 Aristander,
400 3085 447 3142 cui
471 3091 535 3142 tum
558 3083 715 3160 plurimum
741 3083 914 3143 credebatur
928 3104 965 3142 ex
986 3085 1113 3157 vatibus,

98 3180 241 3254 poterat?
282 3179 387 3258 Itaque
411 3179 556 3238 damnatis
580 3179 795 3255 intempestivis
821 3179 979 3255 sacrifieiis,
1004 3181 1114 3258 peritos

33 3257 230 3360 &solearum
258 3274 410 3334 convocari
436 3275 529 3352 jubet.
587 3275 647 3333 Per
675 3274 806 3333 Mediam
840 3275 897 3334 iter
925 3275 1115 3334 ostendebant

16 3382 18 3399 ·
99 3372 195 3427 tntum
209 3376 416 3447 opertumque:
438 3370 490 3429 sed
504 3371 573 3429 Rex
598 3370 732 3429 deserere
753 3370 863 3430 milites
877 3370 1038 3448 insepultos
1053 3391 1113 3428 eru·

100 3460 244 3542 bescebat,
257 3465 303 3522 ire
316 3465 425 3522 tradito
438 3483 526 3542 more,
539 3473 573 3523 ut
585 3466 635 3524 vix
660 3466 752 3524 ullum
777 3466 891 3525 militiae
913 3473 972 3524 tem
987 3465 1113 3524 solemne

102 3566 178 3631 esset
191 3579 306 3632 munus,
320 3579 406 3637 quam
420 3559 559 3618 humandi
574 3579 649 3618 suos.
692 3559 831 3637 Captivos
846 3561 922 3636 erge,
937 3579 1010 3638 quos
1023 3579 1114 3635 nuper

102 3662 262 3731 exceperat,
276 3654 373 3714 vocari
385 3655 486 3731 jubet:
509 3655 586 3712 inter
599 3673 673 3733 quos
698 3664 760 3713 eret
782 3655 898 3733 quidem
915 3653 1025 3713 Graecae
1046 3653 1113 3711 Per·

31 3711 224 3828 &memque
249 3751 359 3828 linguae
381 3750 503 3826 peritus,
525 3751 576 3827 qui
599 3750 711 3808 frustra
726 3769 792 3808 eum
813 3750 842 3806 in
866 3748 1017 3806 Persidem
1038 3769 1113 3807 mon·

103 3840 175 3903 tium
188 3846 275 3907 dorso
289 3845 448 3904 exercitum
470 3844 576 3904 ducere
588 3845 730 3903 affirmat:
752 3844 910 3921 sylvestres
933 3863 995 3904 esse
1017 3843 1113 3918 celles,
