2592 4400
179 397 239 455 ΞΜ
516 411 666 459 eornrr
699 410 845 453 oraru

175 550 259 603 Persis
270 552 372 619 quoque
383 550 411 601 in
421 550 629 617 supplementum
638 550 718 611 leotia
731 565 842 617 quorum
853 549 946 617 viginti
962 548 1044 603 millis
1055 552 1198 605 Peuoestss

175 631 324 691 adduxerat,
337 629 407 682 Susis
418 647 464 681 rex
471 630 603 683 Ecbatana
611 632 748 699 proiectus,
762 632 968 697 Hephaestionem
980 630 1125 699 prinoipem
1135 633 1196 683 smi-
1287 624 1288 701 l

174 729 263 763 eorum
280 712 384 772 amittit,
402 712 474 779 eujus
495 729 581 762 ossum
599 712 766 763 immoderato
784 712 873 773 serens,
894 713 1111 763 sumtuosissimae
1136 714 1195 764 fieri

174 794 294 861 exequias
301 794 385 859 jussit,
399 810 445 843 neo
456 809 513 852 non,
526 806 556 843 ut
568 791 630 853 Deo,
643 793 786 844 sacrificari
822 793 890 843 Hine
902 810 948 860 per
960 795 1119 843 Cossaeorum
1132 812 1193 860 gen·

173 880 233 935 tem,
247 874 354 925 liberam
366 880 448 934 antes,
461 880 488 925 et
499 874 633 925 Persarum
644 875 779 941 imperium
788 881 972 961 aspernantem,
986 875 1124 941 Babylona
1137 892 1192 942 pro

173 955 303 1016 tleiseitur,
315 956 361 1006 ubl
372 956 512 1005 multarum
522 956 637 1020 gentium
655 956 734 1020 legati
753 956 836 1022 ipsum
853 956 1028 1021 expeetabant
1074 958 1194 1008 &lmese

173 1038 208 1089 ab
218 1038 284 1088 urbs
300 1037 391 1089 stadiis
409 1037 514 1097 abesset,
530 1042 684 1087 monuerunt
701 1042 780 1097 rates,
793 1053 826 1087 ne
844 1036 960 1098 intraret,
973 1036 1035 1103 quis
1046 1038 1192 1103 perieulum
1287 1092 1288 1105 χ

173 1118 382 1185 portenderetur3
404 1118 459 1181 sed,
477 1118 511 1167 ab
528 1117 680 1167 Anaxareho
698 1133 839 1183 persuasus,
860 1116 996 1167 matemala
1014 1118 1139 1183 presagia
1162 1124 1193 1169 ut
1287 1112 1288 1147 3

173 1216 241 1251 rana
249 1206 276 1251 et
287 1200 389 1250 ineerta.
423 1198 527 1250 Auditis
538 1214 600 1265 ergo
611 1198 708 1263 legatis,
722 1207 748 1248 et
760 1197 869 1264 peraotis
882 1213 938 1265 quae
954 1198 987 1247 sd
998 1198 1193 1264 Hephaestionis
1287 1190 1288 1211 ³

173 1281 256 1340 funus,
269 1297 317 1349 per
328 1281 493 1346 Pallaoopam
505 1280 596 1328 fossam
613 1280 645 1329 ad
664 1279 778 1329 Arabum
800 1278 910 1329 confinia
927 1276 1065 1345 navigavit,
1078 1278 1192 1330 inridens

172 1361 310 1420 Chaldaea
321 1360 365 1427 qui
377 1360 520 1427 perieulum
531 1360 558 1409 in
571 1360 634 1410 urbe
646 1359 826 1426 predixerant,
838 1376 917 1426 quam
928 1376 979 1408 non
992 1360 1068 1409 modo
1079 1360 1193 1411 feliciter

172 1442 299 1507 ingressus
307 1448 378 1501 esset,
391 1442 436 1491 sed
447 1441 618 1491 salrusetiam
627 1440 779 1491 excessisset
806 1442 935 1491 Reversus
944 1440 1109 1507 Babylonem,
1118 1442 1193 1495 ludis

172 1521 350 1589 eonririisque
366 1522 490 1583 interfuit,
501 1527 528 1572 et
539 1524 596 1571 eum
610 1522 646 1573 ad
656 1521 769 1572 Medium
776 1528 941 1572 comessatum
952 1525 1018 1584 beet,
1031 1521 1058 1573 in
1070 1525 1193 1575 morbum

172 1603 268 1664 incidit,
279 1607 324 1670 qui
335 1604 406 1655 intra
417 1619 509 1669 peueoe
519 1602 621 1653 dissita
628 1602 746 1662 invaluit,
757 1607 786 1653 ut
797 1618 854 1669 spes
861 1603 950 1653 salutis
960 1604 1030 1653 nulla
1040 1608 1086 1653 eut
1096 1605 1194 1671 exigna

171 1691 321 1751 superesset
362 1685 459 1735 Milites
478 1684 640 1735 solicitudine
661 1683 730 1733 anxii
753 1683 860 1735 retineri
881 1700 932 1733 non
955 1688 1099 1751 potuerunt,
1124 1687 1194 1753 quin

173 1767 264 1817 ultimo
276 1767 356 1817 visuri
366 1783 453 1833 regem
463 1766 491 1816 in
502 1767 587 1815 aulam
598 1765 791 1832 irrumperent]

234 1864 272 1925 V.
298 1869 341 1924 12.
363 1863 546 1923 Intuentibus
559 1862 694 1941 lacrymae
706 1862 816 1922 obortae
834 1860 983 1941 praebudre
996 1862 1117 1940 speeiem
1127 1866 1194 1941 jam

172 1980 231 2019 nou
244 1960 364 2040 Regem,
378 1959 429 2019 sed
442 1959 530 2017 funus
543 1959 615 2035 ejus,
629 1957 750 2017 visentis
771 1956 926 2017 exereitus.
969 1957 1078 2017 Maeror
1093 1965 1195 2019 tamen

173 2056 418 2116 circumstantium
447 2054 553 2113 lectum
582 2052 751 2113 'eminebat
799 2051 879 2123 Quos
907 2058 941 2110 ut
975 2050 1041 2112 Rex
1067 2054 1193 2131 aspexit,

175 2150 392 2226 “Invenietis’'
414 2150 517 2229 inquit,
540 2150 637 2208 “oiim
665 2166 821 2224 excessero,
847 2146 966 2228 dignum
989 2148 1098 2210 talibus
1118 2150 1194 2211 viris

174 2247 307 2326 Regem?
317 2248 333 2277 '’
374 2245 540 2305 Incredible
555 2245 643 2320 dictu,
659 2243 824 2322 audituque,
838 2243 888 2302 'in
901 2241 999 2302 eodem
1012 2243 1116 2305 habitu
1130 2265 1194 2307 eor-

173 2342 261 2421 poris,
282 2342 409 2420 inquom
427 2361 458 2400 se
478 2346 675 2418 composuerat
697 2343 760 2397 oiim
780 2339 957 2398 admissurus
976 2340 1082 2399 milites
1102 2351 1195 2420 esset,

175 2438 303 2511 durasse,
327 2435 416 2494 donee
442 2456 460 2494 a
486 2444 549 2494 toto
576 2435 704 2494 exercitu
730 2433 803 2492 illud
828 2435 965 2496 ultimum
992 2436 1195 2512 persalutatus

174 2539 237 2591 est:
258 2531 431 2610 dimissoque
444 2530 541 2610 vulgo,
555 2530 637 2590 velut
660 2529 737 2588 omni
750 2531 818 2589 ritae
842 2529 940 2591 debito
961 2529 1110 2607 liberatus,
1123 2531 1195 2592 fati·
1287 2541 1288 2600 j

172 2635 243 2709 gata
256 2627 401 2686 'membra
414 2625 524 2702 rejecit,
537 2625 713 2705 propiusque
733 2624 815 2684 adire
834 2624 925 2702 jussis
945 2625 1046 2684 amieis
1060 2625 1138 2703 (nam
1162 2637 1196 2687 et

174 2745 230 2785 vox
244 2724 362 2782 defioere
373 2725 434 2800 jam
447 2723 595 2800 coeperat),
609 2721 771 2778 detractum
784 2719 920 2778 annulum
933 2717 1027 2799 digito
1041 2721 1195 2785 Perdiccae

148 2818 305 2895 *tradidit
327 2818 449 2897 adjectis
472 2816 622 2891 mandetis,
646 2822 681 2874 ut
708 2834 811 2894 eorpus
833 2835 914 2874 suum
938 2816 975 2874 ed
996 2813 1194 2878 Hammonem

173 2918 244 2976 ferri
261 2915 383 2992 juberet
437 2912 707 2990 Quaerentibusque,
731 2911 779 2969 eui
802 2910 976 2989 relinqueret
995 2931 1125 2990 regnum,
1146 2934 1192 2974 re·

173 3013 299 3090 spondit,
313 3012 341 3070 ei
354 3010 405 3091 qui
418 3015 494 3070 esset
507 3009 652 3086 optimus,
684 3008 820 3066 caeterum
833 3006 1002 3084 ⁴providere
1023 3009 1084 3084 jam
1098 3027 1137 3084 se,
1152 3010 1191 3072 ob
1287 3055 1288 3090 ,

173 3108 204 3165 id
217 3114 361 3164 certamen
374 3124 492 3184 magnos
505 3105 639 3164 funebres
664 3103 747 3161 ludos
761 3102 858 3188 parari
872 3102 936 3164 sibi.
979 3104 1102 3179 Rursus,
1118 3104 1191 3165 Per·

154 3201 255 3260 ‘diost
287 3200 491 3278 interrogante,
524 3198 638 3278 quando
673 3197 804 3256 ooelestes
838 3196 961 3256 honores
994 3198 1097 3258 haberi
1131 3201 1191 3260 sibi
1287 3195 1288 3222 ¹

173 3293 283 3358 vellet?
304 3293 388 3369 dixit,
410 3301 474 3351 tum
495 3293 577 3370 velle,
602 3298 667 3350 eum
691 3292 747 3372 ipsi
770 3292 869 3350 felleos
893 3299 996 3353 essent.
1046 3293 1191 3372 Suprema

172 3393 235 3452 hae
255 3410 313 3452 vox
332 3390 389 3448 fuit
412 3387 513 3467 Regis,
537 3397 567 3447 et
594 3389 680 3465 paulo
703 3390 770 3466 post
793 3386 981 3466 extinguitur.
1022 3389 1070 3448 Ao
1093 3391 1191 3468 primd

174 3489 297 3566 ploratu,
323 3484 522 3562 lamentisque,
549 3492 579 3542 et
611 3483 776 3561 planetibus
808 3490 871 3542 tots
897 3482 979 3562 regis
1004 3486 1182 3561 personabat

174 3583 255 3656 Mox,
268 3581 393 3640 velutin
407 3584 490 3639 vasta
511 3578 676 3652 solitudine,
690 3577 786 3636 omnis
805 3577 884 3635 tristi
907 3575 1022 3636 silentio
1036 3587 1120 3638 muta
1133 3589 1188 3641 tor-

173 3679 292 3753 pebant,
303 3675 339 3734 ad
352 3676 550 3755 cogitationes,
563 3673 634 3752 quid
649 3673 753 3731 deinde
767 3673 898 3731 futurum
912 3679 995 3749 esset,
1011 3673 1113 3735 dolore
1127 3697 1192 3735 oon·

174 3791 265 3832 verso.
309 3770 430 3830 Nobiles
453 3770 544 3848 pueri,
558 3768 697 3827 custodiae
712 3769 838 3845 eorporis
852 3770 914 3846 ejus
937 3769 1054 3845 assueti,
1069 3789 1123 3828 neo
1144 3773 1194 3831 do-

174 3867 245 3926 loris
258 3865 483 3946 magnitudinem
496 3883 606 3942 sapere,
619 3882 672 3922 nee
686 3863 796 3942 seipsos
816 3863 893 3922 intra
906 3863 1084 3924 vestibulum
1104 3866 1196 3948 regiae
