2592 4400
174 362 216 423 98
524 375 669 425 aorrrr
693 376 833 419 curru

174 518 234 579 init
254 516 394 586 ‘aridior
416 515 505 595 quim
525 516 701 595 patientior:
736 518 774 551 '“
787 514 863 589 Quin
898 518 992 597 igitur
1020 517 1188 576 ulciscimur

101 573 328 686 &semeiam
356 618 387 669 et
412 611 481 670 urbi
507 612 586 670 faces
605 610 803 671 subdimusi''
860 614 969 675 Omnes
1004 614 1186 671 incaluerant

174 726 262 767 mero.
304 706 410 785 Itaque
424 714 548 784 surgunt
561 706 714 765 temulenti
728 708 765 765 ad
791 708 999 768 incendendam
1013 709 1128 781 urbem,
1144 708 1188 765 cui

174 802 278 861 armati
291 810 487 881 pepercerant.
531 801 648 860 Primus
663 800 729 859 Rex
745 802 841 881 ignem
855 804 942 882 regies
956 804 1067 880 injecit
1114 804 1188 861 Tum

174 898 303 981 conrivre
329 905 360 957 et
394 897 530 971 ministri,
558 896 741 975 pellicesque.
797 898 894 957 Multt
928 898 1014 957 cedro
1042 898 1188 957 aedificate

174 986 239 1051 er'at
252 992 339 1072 regia,
352 1012 419 1073 qum
440 992 573 1051 celeriter
594 992 661 1069 igne
681 998 818 1069 concepto
839 991 898 1051 late
919 992 998 1051 fudit
1011 992 1188 1051 incendium.

88 1068 262 1169 640de
274 1087 326 1148 nbi
347 1087 502 1160 exereitus,
515 1086 567 1165 qui
588 1085 666 1144 haud
687 1086 788 1163 procul
803 1086 839 1147 ab
853 1087 926 1147 urbe
938 1086 948 1115 ⁸
959 1087 1108 1160 tendebat,
1125 1107 1189 1145 con-

174 1172 280 1261 spexit,
294 1183 449 1242 fortuitum
464 1191 553 1254 ratus,
568 1180 606 1239 ad
619 1200 703 1259 opem
723 1182 871 1241 ferendam
885 1182 1038 1243 concurrit
1080 1182 1142 1243 sed
1157 1190 1191 1241 ut

174 1277 212 1337 ad
225 1277 402 1338 vestibulum
423 1276 513 1356 regiae
525 1283 646 1335 ventum
661 1283 714 1351 est,
728 1278 830 1337 vident
845 1277 956 1356 Regem
979 1277 1075 1354 ipsum
1089 1278 1190 1337 adhuc

174 1379 357 1451 aggerentem
380 1372 464 1429 iaces.
512 1369 630 1431 Omisst
656 1371 754 1450 igItur,
774 1392 861 1451 quam
885 1380 1080 1451 portaverant,
1099 1377 1189 1451 aqua,

174 1466 284 1527 aridam
298 1466 449 1524 materiam
465 1465 495 1523 in
508 1465 673 1524 incendium
684 1468 780 1542 jacere
791 1476 945 1546 coeperunt

100 1567 185 1676 eps
233 1564 280 1621 23.
303 1560 390 1619 Hunc
410 1558 521 1619 exitum
541 1559 645 1621 habuit
663 1561 742 1639 regia
763 1546 855 1622 totius
879 1561 1017 1636 Orientis,
1040 1561 1118 1621 unde
1143 1570 1191 1621 tot

174 1662 274 1735 gentes
283 1655 369 1715 antei
379 1656 448 1731 jura
460 1653 615 1731 petebant:
628 1656 723 1732 patria
732 1661 777 1715 tot
791 1655 913 1735 Regum,
927 1656 1028 1715 unicus
1041 1656 1189 1734 quondam

175 1750 297 1813 erecte
309 1758 413 1825 terror,
426 1750 529 1809 molita
541 1750 622 1809 mille
635 1750 752 1810 navium
766 1750 894 1827 classem,
909 1757 938 1810 et
957 1751 1110 1826 exercitus,
1124 1753 1190 1830 qui·

175 1846 230 1907 bus
244 1846 363 1924 Europe
380 1844 519 1905 inundata
531 1851 594 1921 est3
616 1844 817 1905 'coambulato
831 1845 904 1905 mari
922 1845 1057 1922 molibus,
1079 1848 1190 1924 perfos-

166 1923 271 2021 ‘sisque
282 1940 437 2016 montibus,
451 1940 617 2019 inquorum
630 1958 732 2017 specus
745 1940 853 1999 fretum
873 1940 1032 2000 immissum
1045 1948 1099 2001 est
1140 1942 1190 2001 Ae

99 2026 165 2098 W
172 2058 210 2111 ne
223 2046 284 2097 tam
296 2037 382 2116 longe
395 2036 512 2114 quidem
523 2042 619 2109 rotate,
632 2054 698 2114 qum
717 2034 861 2093 excidium
880 2037 943 2111 ejus
957 2043 1056 2095 secuta
1076 2042 1130 2113 est,
1144 2057 1190 2097 re-

173 2131 308 2193 surrexit
348 2130 433 2189 Alias
445 2130 532 2189 urbes
544 2129 672 2189 habuere
686 2128 878 2189 Macedonum
899 2130 1005 2210 Reges,
1018 2149 1092 2209 quas
1111 2150 1190 2191 nunc

173 2226 280 2287 habent
293 2225 415 2285 Parthi:
438 2225 553 2301 “hujus
567 2224 721 2302 vestigium
734 2243 790 2282 non
803 2224 990 2299 inveniretur,
1004 2225 1060 2284 nisi
1071 2227 1189 2286 Araxes
1271 2287 1272 2318 p

173 2322 266 2380 amnis
278 2319 450 2378 ostenderet
511 2318 602 2378 Haud
622 2319 722 2396 procul
743 2319 883 2380 moenibus
895 2319 1036 2380 fluxerat:
1057 2320 1126 2380 inde
1140 2342 1189 2381 ur·

174 2416 240 2477 bem
257 2415 347 2474 fuisse
368 2433 409 2472 xx
429 2413 533 2473 stadiis
553 2413 709 2473 dismutem
729 2413 848 2472 credunt
867 2415 967 2494 magis,
981 2417 1070 2493 quam
1090 2416 1189 2475 sciunt

110 2486 284 2572 lti‘aceolae.
326 2509 460 2570 Pudebat
474 2507 647 2568 Macedones
661 2515 720 2566 tam
734 2510 902 2587 praeclaram
921 2510 1024 2571 urbem
1044 2530 1062 2568 a
1081 2529 1188 2570 eomes·

174 2605 304 2666 sabundo
318 2606 401 2684 Rege
414 2605 539 2664 deletam
553 2622 623 2663 esse.
667 2606 684 2632 ¹¹
695 2603 800 2683 Itaque
813 2623 859 2664 res
873 2605 903 2663 in
916 2605 1022 2664 serium
1036 2625 1120 2665 versa
1133 2614 1188 2682 est,

173 2709 204 2762 et
216 2702 429 2780 imperaverunt
441 2699 506 2774 sibi,
519 2706 554 2758 ut
566 2697 716 2757 crederent
729 2699 781 2757 illo
794 2699 978 2776 potissimdm
998 2699 1082 2758 modo
1096 2700 1188 2760 fuisse

175 2797 333 2858 delendam
394 2796 505 2874 Ipsum,
527 2801 562 2854 ut
583 2792 706 2870 primum
726 2800 874 2872 gravatam
899 2794 1038 2854 ebrietate
1061 2802 1188 2854 mentem

174 2894 256 2972 quies
277 2891 412 2965 reddidit,
425 2889 594 2969 poenituisse
607 2894 728 2964 constat,
742 2895 772 2946 et
791 2887 907 2963 dixisse,
922 2889 939 2916 ¹²
950 2889 1074 2965 majores
1087 2911 1189 2966 peenas

102 2974 162 3039 (ts
176 2987 280 3045 Persas
294 2986 404 3046 Grecis
414 2986 532 3044 daturos
542 2983 642 3057 fuisse,
657 2981 681 3040 si
696 2983 790 3060 ipsum
797 2982 828 3040 in
839 2982 919 3057 solio,
931 2982 1067 3062 regitque
1078 2983 1189 3044 Xerxis

176 3079 340 3156 conspicere
354 3079 445 3137 coacti
459 3086 563 3138 esseut.
605 3078 727 3136 Postero
742 3076 796 3151 die,
812 3076 910 3154 Lycio,
922 3077 1034 3136 itineris
1048 3098 1105 3156 quo
1120 3079 1189 3136 Per·

175 3172 268 3232 sidem
280 3172 439 3230 intraverat
452 3171 528 3246 duci,
542 3170 670 3249 trigenta
684 3170 795 3229 talenta
814 3169 888 3228 dono
909 3170 997 3230 dedit.
1059 3171 1137 3230 Hinc
1158 3171 1188 3230 iu

176 3268 322 3348 regionem
336 3265 444 3325 Mediae
463 3266 592 3339 transiit,
607 3265 657 3325 ubi
672 3264 898 3343 supplementum
911 3285 1049 3324 novorum
1062 3266 1190 3326 militum

177 3362 320 3424 scilicit
344 3347 476 3437 occurrit.
537 3360 676 3420 Peditum
697 3365 779 3417 erant
801 3359 926 3438 quinque
950 3359 1049 3434 millia,
1077 3361 1190 3438 equites

103 3458 275 3532 gasmilIe:
296 3455 427 3533 utrisque
440 3454 528 3513 Plato
542 3454 727 3514 Atheniensis
737 3461 868 3531 praeerat.
912 3453 969 3514 His
978 3455 1066 3533 copiis
1078 3461 1189 3528 auctus,

177 3553 299 3613 Darium
309 3550 443 3628 persequi
456 3550 567 3610 statuit.

237 3646 332 3707 VIII.
354 3649 400 3705 24.
423 3645 503 3705 ¹Ille
521 3647 582 3722 jam
596 3643 746 3704 Ecbatana
766 3650 944 3720 pervenerat,
958 3651 1046 3721 ceput
1074 3641 1187 3703 Mediae.

179 3741 288 3802 Urbem
300 3740 372 3799 hauc
385 3759 460 3798 nuno
480 3746 578 3799 teuent
598 3735 720 3798 Parthi:
742 3757 830 3816 esque
852 3737 954 3798 aestiva
974 3737 1091 3816 regibus
1110 3736 1190 3797 sedes

181 3842 233 3893 est.
275 3833 367 3894 Adire
382 3834 484 3892 deinde
497 3833 606 3894 Bactra
618 3833 801 3892 decreverat:
823 3831 875 3892 sed
893 3831 1005 3892 veritus
1018 3851 1055 3892 ne
1074 3829 1190 3891 'celeri-

1264 1856 1268 1983 i
