<?xml version="1.0" encoding="UTF-8"?>
<!DOCTYPE html PUBLIC "-//W3C//DTD XHTML 1.0 Transitional//EN"
    "http://www.w3.org/TR/xhtml1/DTD/xhtml1-transitional.dtd">
<html xmlns="http://www.w3.org/1999/xhtml" xml:lang="en" lang="en">
 <head>
  <title>
</title>
<meta http-equiv="Content-Type" content="text/html;charset=utf-8" />
  <meta name='ocr-system' content='tesseract 3.04.00' />
  <meta name='ocr-capabilities' content='ocr_page ocr_carea ocr_par ocr_line ocrx_word'/>
</head>
<body>
  <div class='ocr_page' id='page_1' title='image "./quintuscurtiusr00crosgoog_0168.png"; bbox 0 0 2592 4400; ppageno 0'>
   <div class='ocr_carea' id='block_1_1' title="bbox 421 362 1126 423">
    <p class='ocr_par' dir='ltr' id='par_1_1' title="bbox 421 362 1126 423">
     <span class='ocr_line' id='line_1_1' title="bbox 421 362 1126 423; baseline 0.007 -6"><span class='ocrx_word' id='word_1_1' title='bbox 421 376 542 418; x_wconf 78' lang='lat' dir='ltr'><strong>arnan</strong></span> <span class='ocrx_word' id='word_1_2' title='bbox 567 376 640 417; x_wconf 84' lang='lat' dir='ltr'><strong>vrr.</strong></span> <span class='ocrx_word' id='word_1_3' title='bbox 670 378 754 419; x_wconf 80' lang='lat' dir='ltr'><strong>car.</strong></span> <span class='ocrx_word' id='word_1_4' title='bbox 783 379 816 418; x_wconf 91' lang='lat' dir='ltr'><strong>v.</strong></span> <span class='ocrx_word' id='word_1_5' title='bbox 1072 362 1126 423; x_wconf 80' lang='lat'><strong>155</strong></span> 
     </span>
    </p>
   </div>
   <div class='ocr_carea' id='block_1_2' title="bbox 103 508 1126 1450">
    <p class='ocr_par' dir='ltr' id='par_1_2' title="bbox 103 508 1126 1450">
     <span class='ocr_line' id='line_1_2' title="bbox 106 508 1125 595; baseline 0.006 -22"><span class='ocrx_word' id='word_1_6' title='bbox 106 514 185 573; x_wconf 88' lang='lat' dir='ltr'><strong>nulli</strong></span> <span class='ocrx_word' id='word_1_7' title='bbox 197 508 338 593; x_wconf 81' lang='lat' dir='ltr'><strong>juvenum</strong></span> <span class='ocrx_word' id='word_1_8' title='bbox 352 516 561 594; x_wconf 81' lang='lat' dir='ltr'><strong>postferendus.</strong></span> <span class='ocrx_word' id='word_1_9' title='bbox 603 516 636 575; x_wconf 96' lang='lat' dir='ltr'><strong>Is</strong></span> <span class='ocrx_word' id='word_1_10' title='bbox 650 515 735 595; x_wconf 85' lang='lat' dir='ltr'><strong>gelet</strong></span> <span class='ocrx_word' id='word_1_11' title='bbox 749 516 869 595; x_wconf 75' lang='lat' dir='ltr'><strong>dempta</strong></span> <span class='ocrx_word' id='word_1_12' title='bbox 882 516 1019 577; x_wconf 72' lang='lat' dir='ltr'><strong>canitiem</strong></span> <span class='ocrx_word' id='word_1_13' title='bbox 1032 524 1125 579; x_wconf 88' lang='lat' dir='ltr'><strong>osten·</strong></span> 
     </span>
     <span class='ocr_line' id='line_1_3' title="bbox 107 611 1126 691; baseline 0.005 -23"><span class='ocrx_word' id='word_1_14' title='bbox 107 618 184 681; x_wconf 87' lang='lat' dir='ltr'><strong>tans,</strong></span> <span class='ocrx_word' id='word_1_15' title='bbox 206 616 224 647; x_wconf 85' lang='lat'>“</span> <span class='ocrx_word' id='word_1_16' title='bbox 237 612 357 686; x_wconf 85' lang='lat' dir='ltr'><strong>Venit,’&#39;</strong></span> <span class='ocrx_word' id='word_1_17' title='bbox 381 612 485 691; x_wconf 89' lang='lat' dir='ltr'><strong>inquit,</strong></span> <span class='ocrx_word' id='word_1_18' title='bbox 510 611 610 687; x_wconf 78' lang='lat' dir='ltr'><strong>“dies,</strong></span> <span class='ocrx_word' id='word_1_19' title='bbox 633 632 700 691; x_wconf 92' lang='lat' dir='ltr'><strong>quo,</strong></span> <span class='ocrx_word' id='word_1_20' title='bbox 723 619 775 671; x_wconf 91' lang='lat' dir='ltr'><strong>aut</strong></span> <span class='ocrx_word' id='word_1_21' title='bbox 794 613 927 688; x_wconf 77' lang='lat' dir='ltr'><strong>victoria,</strong></span> <span class='ocrx_word' id='word_1_22' title='bbox 948 621 1001 673; x_wconf 87' lang='lat' dir='ltr'><strong>ant</strong></span> <span class='ocrx_word' id='word_1_23' title='bbox 1031 621 1126 673; x_wconf 89' lang='lat' dir='ltr'><strong>morte</strong></span> 
     </span>
     <span class='ocr_line' id='line_1_4' title="bbox 106 705 1124 784; baseline 0.003 -20"><span class='ocrx_word' id='word_1_24' title='bbox 106 706 323 781; x_wconf 75' lang='lat' dir='ltr'><strong>honestissima,</strong></span> <span class='ocrx_word' id='word_1_25' title='bbox 351 705 452 784; x_wconf 90' lang='lat' dir='ltr'><strong>quales</strong></span> <span class='ocrx_word' id='word_1_26' title='bbox 483 706 591 765; x_wconf 78' lang='lat' dir='ltr'><strong>amium</strong></span> <span class='ocrx_word' id='word_1_27' title='bbox 617 713 649 765; x_wconf 93' lang='lat' dir='ltr'><strong>et</strong></span> <span class='ocrx_word' id='word_1_28' title='bbox 678 706 786 765; x_wconf 84' lang='lat' dir='ltr'><strong>milites</strong></span> <span class='ocrx_word' id='word_1_29' title='bbox 812 707 980 769; x_wconf 80' lang='lat' dir='ltr'><strong>Alexander</strong></span> <span class='ocrx_word' id='word_1_30' title='bbox 1010 708 1124 783; x_wconf 88' lang='lat' dir='ltr'><strong>habeat,</strong></span> 
     </span>
     <span class='ocr_line' id='line_1_5' title="bbox 106 800 1123 881; baseline 0.005 -23"><span class='ocrx_word' id='word_1_31' title='bbox 106 800 289 859; x_wconf 82' lang='lat' dir='ltr'><strong>ostendam.”</strong></span> <span class='ocrx_word' id='word_1_32' title='bbox 343 800 407 860; x_wconf 88' lang='lat' dir='ltr'><strong>Nee</strong></span> <span class='ocrx_word' id='word_1_33' title='bbox 433 800 519 879; x_wconf 90' lang='lat' dir='ltr'><strong>plura</strong></span> <span class='ocrx_word' id='word_1_34' title='bbox 550 801 693 876; x_wconf 90' lang='lat' dir='ltr'><strong>elocutus,</strong></span> <span class='ocrx_word' id='word_1_35' title='bbox 721 821 827 880; x_wconf 88' lang='lat' dir='ltr'><strong>equum</strong></span> <span class='ocrx_word' id='word_1_36' title='bbox 854 804 884 861; x_wconf 92' lang='lat' dir='ltr'><strong>in</strong></span> <span class='ocrx_word' id='word_1_37' title='bbox 911 802 1024 863; x_wconf 74' lang='lat' dir='ltr'><strong>bostm</strong></span> <span class='ocrx_word' id='word_1_38' title='bbox 1053 805 1123 881; x_wconf 82' lang='lat' dir='ltr'><strong>egit.</strong></span> 
     </span>
     <span class='ocr_line' id='line_1_6' title="bbox 106 894 1123 977; baseline 0.002 -21"><span class='ocrx_word' id='word_1_39' title='bbox 106 894 252 956; x_wconf 76' lang='lat' dir='ltr'><strong>Crederes</strong></span> <span class='ocrx_word' id='word_1_40' title='bbox 267 897 449 974; x_wconf 88' lang='lat' dir='ltr'><strong>imperatum,</strong></span> <span class='ocrx_word' id='word_1_41' title='bbox 464 904 498 955; x_wconf 92' lang='lat' dir='ltr'><strong>nt</strong></span> <span class='ocrx_word' id='word_1_42' title='bbox 511 897 587 955; x_wconf 83' lang='lat' dir='ltr'><strong>acies</strong></span> <span class='ocrx_word' id='word_1_43' title='bbox 606 903 740 977; x_wconf 77' lang='lat' dir='ltr'><strong>utraeque</strong></span> <span class='ocrx_word' id='word_1_44' title='bbox 753 896 813 955; x_wconf 88' lang='lat' dir='ltr'><strong>tela</strong></span> <span class='ocrx_word' id='word_1_45' title='bbox 833 896 1010 959; x_wconf 80' lang='lat' dir='ltr'><strong>cohiberent</strong></span> <span class='ocrx_word' id='word_1_46' title='bbox 1053 898 1123 958; x_wconf 88' lang='lat' dir='ltr'><strong>Pro·</strong></span> 
     </span>
     <span class='ocr_line' id='line_1_7' title="bbox 105 992 1123 1069; baseline 0.003 -21"><span class='ocrx_word' id='word_1_47' title='bbox 105 992 192 1054; x_wconf 83' lang='lat' dir='ltr'><strong>tinds</strong></span> <span class='ocrx_word' id='word_1_48' title='bbox 214 995 294 1050; x_wconf 76' lang='lat' dir='ltr'><strong>certe</strong></span> <span class='ocrx_word' id='word_1_49' title='bbox 316 999 506 1066; x_wconf 84' lang='lat' dir='ltr'><strong>recesserunt,</strong></span> <span class='ocrx_word' id='word_1_50' title='bbox 520 992 589 1051; x_wconf 90' lang='lat' dir='ltr'><strong>dato</strong></span> <span class='ocrx_word' id='word_1_51' title='bbox 610 992 703 1052; x_wconf 88' lang='lat' dir='ltr'><strong>libero</strong></span> <span class='ocrx_word' id='word_1_52' title='bbox 723 992 827 1069; x_wconf 90' lang='lat' dir='ltr'><strong>spatio,</strong></span> <span class='ocrx_word' id='word_1_53' title='bbox 843 992 863 1021; x_wconf 74' lang='lat'><strong>¹⁸</strong></span> <span class='ocrx_word' id='word_1_54' title='bbox 873 993 978 1053; x_wconf 88' lang='lat' dir='ltr'><strong>intenti</strong></span> <span class='ocrx_word' id='word_1_55' title='bbox 999 994 1030 1053; x_wconf 93' lang='lat' dir='ltr'><strong>in</strong></span> <span class='ocrx_word' id='word_1_56' title='bbox 1043 1012 1123 1053; x_wconf 83' lang='lat' dir='ltr'><strong>eren·</strong></span> 
     </span>
     <span class='ocr_line' id='line_1_8' title="bbox 104 1087 1123 1167; baseline 0.004 -23"><span class='ocrx_word' id='word_1_57' title='bbox 104 1094 180 1159; x_wconf 92' lang='lat' dir='ltr'><strong>tum,</strong></span> <span class='ocrx_word' id='word_1_58' title='bbox 194 1107 253 1145; x_wconf 92' lang='lat' dir='ltr'><strong>nou</strong></span> <span class='ocrx_word' id='word_1_59' title='bbox 276 1087 400 1146; x_wconf 88' lang='lat' dir='ltr'><strong>duorum</strong></span> <span class='ocrx_word' id='word_1_60' title='bbox 422 1087 518 1163; x_wconf 86' lang='lat' dir='ltr'><strong>modd,</strong></span> <span class='ocrx_word' id='word_1_61' title='bbox 539 1087 591 1147; x_wconf 88' lang='lat' dir='ltr'><strong>sed</strong></span> <span class='ocrx_word' id='word_1_62' title='bbox 613 1088 702 1147; x_wconf 90' lang='lat' dir='ltr'><strong>etiam</strong></span> <span class='ocrx_word' id='word_1_63' title='bbox 725 1106 785 1147; x_wconf 85' lang='lat' dir='ltr'><strong>suae</strong></span> <span class='ocrx_word' id='word_1_64' title='bbox 803 1088 909 1163; x_wconf 87' lang='lat' dir='ltr'><strong>sortis;</strong></span> <span class='ocrx_word' id='word_1_65' title='bbox 930 1088 1036 1167; x_wconf 89' lang='lat' dir='ltr'><strong>quippe</strong></span> <span class='ocrx_word' id='word_1_66' title='bbox 1057 1088 1123 1149; x_wconf 90' lang='lat' dir='ltr'><strong>alie·</strong></span> 
     </span>
     <span class='ocr_line' id='line_1_9' title="bbox 104 1181 1122 1260; baseline 0.001 -20"><span class='ocrx_word' id='word_1_67' title='bbox 104 1202 177 1240; x_wconf 89' lang='lat' dir='ltr'><strong>num</strong></span> <span class='ocrx_word' id='word_1_68' title='bbox 199 1181 355 1241; x_wconf 71' lang='lat' dir='ltr'><strong>discrimen</strong></span> <span class='ocrx_word' id='word_1_69' title='bbox 382 1182 519 1242; x_wconf 81' lang='lat' dir='ltr'><strong>seeutmi</strong></span> <span class='ocrx_word' id='word_1_70' title='bbox 576 1182 665 1241; x_wconf 87' lang='lat' dir='ltr'><strong>Prior</strong></span> <span class='ocrx_word' id='word_1_71' title='bbox 690 1182 839 1243; x_wconf 87' lang='lat' dir='ltr'><strong>Barbarus</strong></span> <span class='ocrx_word' id='word_1_72' title='bbox 867 1183 964 1243; x_wconf 90' lang='lat' dir='ltr'><strong>emisit</strong></span> <span class='ocrx_word' id='word_1_73' title='bbox 991 1184 1122 1260; x_wconf 79' lang='lat' dir='ltr'><strong>hastam3</strong></span> 
     </span>
     <span class='ocr_line' id='line_1_10' title="bbox 103 1276 1124 1357; baseline 0.002 -22"><span class='ocrx_word' id='word_1_74' title='bbox 103 1298 195 1357; x_wconf 88' lang='lat' dir='ltr'><strong>quam</strong></span> <span class='ocrx_word' id='word_1_75' title='bbox 209 1277 349 1356; x_wconf 78' lang='lat' dir='ltr'><strong>Erigyius</strong></span> <span class='ocrx_word' id='word_1_76' title='bbox 371 1276 488 1335; x_wconf 68' lang='lat' dir='ltr'><strong>modica</strong></span> <span class='ocrx_word' id='word_1_77' title='bbox 502 1277 607 1354; x_wconf 88' lang='lat' dir='ltr'><strong>capitis</strong></span> <span class='ocrx_word' id='word_1_78' title='bbox 628 1277 820 1336; x_wconf 71' lang='lat' dir='ltr'><strong>declinatione</strong></span> <span class='ocrx_word' id='word_1_79' title='bbox 840 1277 953 1338; x_wconf 83' lang='lat' dir='ltr'><strong>vitavit.</strong></span> <span class='ocrx_word' id='word_1_80' title='bbox 995 1279 1041 1337; x_wconf 89' lang='lat' dir='ltr'><strong>At</strong></span> <span class='ocrx_word' id='word_1_81' title='bbox 1060 1278 1124 1355; x_wconf 89' lang='lat' dir='ltr'><strong>ipse</strong></span> 
     </span>
     <span class='ocr_line' id='line_1_11' title="bbox 103 1372 1124 1450; baseline 0.002 -20"><span class='ocrx_word' id='word_1_82' title='bbox 103 1372 244 1431; x_wconf 83' lang='lat' dir='ltr'><strong>infestam</strong></span> <span class='ocrx_word' id='word_1_83' title='bbox 267 1372 411 1447; x_wconf 89' lang='lat' dir='ltr'><strong>sarissam,</strong></span> <span class='ocrx_word' id='word_1_84' title='bbox 427 1392 501 1450; x_wconf 89' lang='lat' dir='ltr'><strong>equo</strong></span> <span class='ocrx_word' id='word_1_85' title='bbox 514 1372 677 1431; x_wconf 88' lang='lat' dir='ltr'><strong>calcaribus</strong></span> <span class='ocrx_word' id='word_1_86' title='bbox 700 1373 822 1447; x_wconf 90' lang='lat' dir='ltr'><strong>concito,</strong></span> <span class='ocrx_word' id='word_1_87' title='bbox 837 1373 867 1433; x_wconf 89' lang='lat' dir='ltr'><strong>in</strong></span> <span class='ocrx_word' id='word_1_88' title='bbox 889 1374 984 1433; x_wconf 91' lang='lat' dir='ltr'><strong>medio</strong></span> <span class='ocrx_word' id='word_1_89' title='bbox 999 1373 1124 1433; x_wconf 86' lang='lat' dir='ltr'><strong>Barbari</strong></span> 
     </span>
    </p>
   </div>
   <div class='ocr_carea' id='block_1_3' title="bbox 104 1467 1219 1552">
    <p class='ocr_par' dir='ltr' id='par_1_3' title="bbox 104 1467 1219 1552">
     <span class='ocr_line' id='line_1_12' title="bbox 104 1467 1219 1552; baseline 0.017 -36"><span class='ocrx_word' id='word_1_90' title='bbox 104 1468 127 1498; x_wconf 81' lang='lat'><strong>¹·</strong></span> <span class='ocrx_word' id='word_1_91' title='bbox 137 1474 260 1545; x_wconf 80' lang='lat' dir='ltr'><strong>gutture</strong></span> <span class='ocrx_word' id='word_1_92' title='bbox 284 1468 328 1525; x_wconf 79' lang='lat' dir='ltr'><strong>ita</strong></span> <span class='ocrx_word' id='word_1_93' title='bbox 349 1468 423 1543; x_wconf 79' lang='lat' dir='ltr'><strong>lixit,</strong></span> <span class='ocrx_word' id='word_1_94' title='bbox 438 1476 473 1527; x_wconf 90' lang='lat' dir='ltr'><strong>ut</strong></span> <span class='ocrx_word' id='word_1_95' title='bbox 496 1488 549 1545; x_wconf 89' lang='lat' dir='ltr'><strong>per</strong></span> <span class='ocrx_word' id='word_1_96' title='bbox 569 1467 708 1527; x_wconf 89' lang='lat' dir='ltr'><strong>cervicem</strong></span> <span class='ocrx_word' id='word_1_97' title='bbox 729 1468 877 1529; x_wconf 81' lang='lat' dir='ltr'><strong>emineret</strong></span> <span class='ocrx_word' id='word_1_98' title='bbox 920 1468 1124 1548; x_wconf 73' lang='lat' dir='ltr'><strong>Praecipitatus</strong></span> <span class='ocrx_word' id='word_1_99' title='bbox 1215 1540 1219 1552; x_wconf 48' lang='grc'><strong>,</strong></span> 
     </span>
    </p>
   </div>
   <div class='ocr_carea' id='block_1_4' title="bbox 98 1563 1152 3933">
    <p class='ocr_par' dir='ltr' id='par_1_4' title="bbox 100 1563 1152 2594">
     <span class='ocr_line' id='line_1_13' title="bbox 102 1563 1122 1642; baseline 0.002 -19"><span class='ocrx_word' id='word_1_100' title='bbox 102 1584 143 1623; x_wconf 88' lang='lat' dir='ltr'><strong>ex</strong></span> <span class='ocrx_word' id='word_1_101' title='bbox 158 1582 235 1641; x_wconf 87' lang='lat' dir='ltr'><strong>equo</strong></span> <span class='ocrx_word' id='word_1_102' title='bbox 249 1563 398 1623; x_wconf 87' lang='lat' dir='ltr'><strong>Barbarus</strong></span> <span class='ocrx_word' id='word_1_103' title='bbox 420 1563 515 1621; x_wconf 89' lang='lat' dir='ltr'><strong>adhuc</strong></span> <span class='ocrx_word' id='word_1_104' title='bbox 529 1570 625 1621; x_wconf 91' lang='lat' dir='ltr'><strong>tamen</strong></span> <span class='ocrx_word' id='word_1_105' title='bbox 645 1564 831 1642; x_wconf 72' lang='lat' dir='ltr'><strong>repugnabat.</strong></span> <span class='ocrx_word' id='word_1_106' title='bbox 875 1564 934 1625; x_wconf 83' lang='lat' dir='ltr'><strong>Sed</strong></span> <span class='ocrx_word' id='word_1_107' title='bbox 948 1565 998 1623; x_wconf 92' lang='lat' dir='ltr'><strong>ille</strong></span> <span class='ocrx_word' id='word_1_108' title='bbox 1013 1572 1122 1625; x_wconf 84' lang='lat' dir='ltr'><strong>extruo·</strong></span> 
     </span>
     <span class='ocr_line' id='line_1_14' title="bbox 102 1658 1122 1739; baseline 0.002 -22"><span class='ocrx_word' id='word_1_109' title='bbox 102 1666 166 1717; x_wconf 88' lang='lat' dir='ltr'><strong>tam</strong></span> <span class='ocrx_word' id='word_1_110' title='bbox 191 1677 228 1715; x_wconf 89' lang='lat' dir='ltr'><strong>ex</strong></span> <span class='ocrx_word' id='word_1_111' title='bbox 248 1658 366 1717; x_wconf 81' lang='lat' dir='ltr'><strong>vulnere</strong></span> <span class='ocrx_word' id='word_1_112' title='bbox 390 1658 504 1716; x_wconf 89' lang='lat' dir='ltr'><strong>hastam</strong></span> <span class='ocrx_word' id='word_1_113' title='bbox 525 1678 627 1717; x_wconf 89' lang='lat' dir='ltr'><strong>rursus</strong></span> <span class='ocrx_word' id='word_1_114' title='bbox 649 1659 680 1717; x_wconf 91' lang='lat' dir='ltr'><strong>in</strong></span> <span class='ocrx_word' id='word_1_115' title='bbox 701 1678 733 1717; x_wconf 88' lang='lat' dir='ltr'><strong>os</strong></span> <span class='ocrx_word' id='word_1_116' title='bbox 758 1658 865 1739; x_wconf 86' lang='lat' dir='ltr'><strong>dirigit.</strong></span> <span class='ocrx_word' id='word_1_117' title='bbox 919 1658 1122 1719; x_wconf 77' lang='lat' dir='ltr'><strong>Satibarzanes</strong></span> 
     </span>
     <span class='ocr_line' id='line_1_15' title="bbox 101 1752 1122 1832; baseline 0.001 -20"><span class='ocrx_word' id='word_1_118' title='bbox 101 1754 219 1812; x_wconf 87' lang='lat' dir='ltr'><strong>hastam</strong></span> <span class='ocrx_word' id='word_1_119' title='bbox 232 1772 320 1811; x_wconf 90' lang='lat' dir='ltr'><strong>manu</strong></span> <span class='ocrx_word' id='word_1_120' title='bbox 333 1753 511 1831; x_wconf 88' lang='lat' dir='ltr'><strong>complexus,</strong></span> <span class='ocrx_word' id='word_1_121' title='bbox 525 1754 582 1832; x_wconf 87' lang='lat' dir='ltr'><strong>qud</strong></span> <span class='ocrx_word' id='word_1_122' title='bbox 596 1754 742 1813; x_wconf 77' lang='lat' dir='ltr'><strong>maturius</strong></span> <span class='ocrx_word' id='word_1_123' title='bbox 767 1752 909 1827; x_wconf 88' lang='lat' dir='ltr'><strong>interiret,</strong></span> <span class='ocrx_word' id='word_1_124' title='bbox 924 1754 1014 1813; x_wconf 87' lang='lat' dir='ltr'><strong>ictum</strong></span> <span class='ocrx_word' id='word_1_125' title='bbox 1028 1754 1122 1813; x_wconf 89' lang='lat' dir='ltr'><strong>hostis</strong></span> 
     </span>
     <span class='ocr_line' id='line_1_16' title="bbox 102 1848 1120 1927; baseline 0.001 -21"><span class='ocrx_word' id='word_1_126' title='bbox 102 1848 236 1924; x_wconf 86' lang='lat' dir='ltr'><strong>adjuvit:</strong></span> <span class='ocrx_word' id='word_1_127' title='bbox 268 1855 299 1907; x_wconf 91' lang='lat' dir='ltr'><strong>et</strong></span> <span class='ocrx_word' id='word_1_128' title='bbox 322 1848 454 1923; x_wconf 88' lang='lat' dir='ltr'><strong>Barbari,</strong></span> <span class='ocrx_word' id='word_1_129' title='bbox 478 1849 551 1906; x_wconf 91' lang='lat' dir='ltr'><strong>duce</strong></span> <span class='ocrx_word' id='word_1_130' title='bbox 573 1849 688 1925; x_wconf 91' lang='lat' dir='ltr'><strong>amisso,</strong></span> <span class='ocrx_word' id='word_1_131' title='bbox 709 1868 795 1927; x_wconf 90' lang='lat' dir='ltr'><strong>quem</strong></span> <span class='ocrx_word' id='word_1_132' title='bbox 816 1848 910 1927; x_wconf 90' lang='lat' dir='ltr'><strong>magis</strong></span> <span class='ocrx_word' id='word_1_133' title='bbox 937 1848 1120 1922; x_wconf 78' lang='lat' dir='ltr'><strong>necessitate,</strong></span> 
     </span>
     <span class='ocr_line' id='line_1_17' title="bbox 101 1942 1121 2021; baseline 0.001 -21"><span class='ocrx_word' id='word_1_134' title='bbox 101 1946 194 2021; x_wconf 65' lang='lat' dir='ltr'><strong>qu‘am</strong></span> <span class='ocrx_word' id='word_1_135' title='bbox 218 1950 322 2021; x_wconf 89' lang='lat' dir='ltr'><strong>sponte</strong></span> <span class='ocrx_word' id='word_1_136' title='bbox 344 1944 437 2002; x_wconf 89' lang='lat' dir='ltr'><strong>secuti</strong></span> <span class='ocrx_word' id='word_1_137' title='bbox 457 1950 550 2017; x_wconf 91' lang='lat' dir='ltr'><strong>erant,</strong></span> <span class='ocrx_word' id='word_1_138' title='bbox 564 1949 635 2001; x_wconf 90' lang='lat' dir='ltr'><strong>tuno</strong></span> <span class='ocrx_word' id='word_1_139' title='bbox 656 1942 735 2001; x_wconf 88' lang='lat' dir='ltr'><strong>haud</strong></span> <span class='ocrx_word' id='word_1_140' title='bbox 755 1944 937 2003; x_wconf 80' lang='lat' dir='ltr'><strong>immemores</strong></span> <span class='ocrx_word' id='word_1_141' title='bbox 951 1943 1121 2002; x_wconf 86' lang='lat' dir='ltr'><strong>meritorum</strong></span> 
     </span>
     <span class='ocr_line' id='line_1_18' title="bbox 102 2037 1152 2117; baseline 0.001 -21"><span class='ocrx_word' id='word_1_142' title='bbox 102 2038 276 2113; x_wconf 79' lang='lat' dir='ltr'><strong>Alexandri,</strong></span> <span class='ocrx_word' id='word_1_143' title='bbox 298 2058 378 2097; x_wconf 88' lang='lat' dir='ltr'><strong>arma</strong></span> <span class='ocrx_word' id='word_1_144' title='bbox 401 2038 523 2117; x_wconf 78' lang='lat' dir='ltr'><strong>Erigyio</strong></span> <span class='ocrx_word' id='word_1_145' title='bbox 546 2038 675 2097; x_wconf 89' lang='lat' dir='ltr'><strong>tradunt.</strong></span> <span class='ocrx_word' id='word_1_146' title='bbox 726 2038 794 2099; x_wconf 88' lang='lat' dir='ltr'><strong>Rex</strong></span> <span class='ocrx_word' id='word_1_147' title='bbox 815 2038 862 2097; x_wconf 91' lang='lat' dir='ltr'><strong>his</strong></span> <span class='ocrx_word' id='word_1_148' title='bbox 886 2038 1004 2117; x_wconf 90' lang='lat' dir='ltr'><strong>quidem</strong></span> <span class='ocrx_word' id='word_1_149' title='bbox 1024 2037 1119 2112; x_wconf 84' lang='lat' dir='ltr'><strong>laetns,</strong></span> <span class='ocrx_word' id='word_1_150' title='bbox 1146 2062 1152 2074; x_wconf 70' lang='lat'><strong><em>¹</em></strong></span> 
     </span>
     <span class='ocr_line' id='line_1_19' title="bbox 101 2132 1121 2214; baseline 0 -23"><span class='ocrx_word' id='word_1_151' title='bbox 101 2134 140 2191; x_wconf 91' lang='lat' dir='ltr'><strong>do</strong></span> <span class='ocrx_word' id='word_1_152' title='bbox 164 2132 319 2211; x_wconf 83' lang='lat' dir='ltr'><strong>Spartanis</strong></span> <span class='ocrx_word' id='word_1_153' title='bbox 340 2133 560 2212; x_wconf 88' lang='lat' dir='ltr'><strong>haudquaquam</strong></span> <span class='ocrx_word' id='word_1_154' title='bbox 576 2152 705 2208; x_wconf 88' lang='lat' dir='ltr'><strong>securus,</strong></span> <span class='ocrx_word' id='word_1_155' title='bbox 719 2152 823 2214; x_wconf 87' lang='lat' dir='ltr'><strong>magno</strong></span> <span class='ocrx_word' id='word_1_156' title='bbox 837 2140 934 2191; x_wconf 87' lang='lat' dir='ltr'><strong>tamen</strong></span> <span class='ocrx_word' id='word_1_157' title='bbox 957 2132 1053 2191; x_wconf 91' lang='lat' dir='ltr'><strong>animo</strong></span> <span class='ocrx_word' id='word_1_158' title='bbox 1074 2132 1121 2191; x_wconf 89' lang='lat' dir='ltr'><strong>de·</strong></span> 
     </span>
     <span class='ocr_line' id='line_1_20' title="bbox 100 2228 1121 2306; baseline 0.001 -19"><span class='ocrx_word' id='word_1_159' title='bbox 100 2229 257 2289; x_wconf 75' lang='lat' dir='ltr'><strong>tectionem</strong></span> <span class='ocrx_word' id='word_1_160' title='bbox 285 2248 384 2288; x_wconf 89' lang='lat' dir='ltr'><strong>eorum</strong></span> <span class='ocrx_word' id='word_1_161' title='bbox 416 2228 495 2306; x_wconf 86' lang='lat' dir='ltr'><strong>tulit,</strong></span> <span class='ocrx_word' id='word_1_162' title='bbox 527 2228 635 2303; x_wconf 90' lang='lat' dir='ltr'><strong>dicens,</strong></span> <span class='ocrx_word' id='word_1_163' title='bbox 669 2229 767 2288; x_wconf 86' lang='lat' dir='ltr'><strong>“Non</strong></span> <span class='ocrx_word' id='word_1_164' title='bbox 794 2228 860 2288; x_wconf 81' lang='lat' dir='ltr'><strong>autb</strong></span> <span class='ocrx_word' id='word_1_165' title='bbox 887 2248 973 2288; x_wconf 87' lang='lat' dir='ltr'><strong>ausos</strong></span> <span class='ocrx_word' id='word_1_166' title='bbox 1000 2228 1121 2288; x_wconf 88' lang='lat' dir='ltr'><strong>consilia</strong></span> 
     </span>
     <span class='ocr_line' id='line_1_21' title="bbox 100 2323 1119 2404; baseline 0 -22"><span class='ocrx_word' id='word_1_167' title='bbox 100 2325 223 2399; x_wconf 87' lang='lat' dir='ltr'><strong>nudare,</strong></span> <span class='ocrx_word' id='word_1_168' title='bbox 238 2324 325 2403; x_wconf 80' lang='lat' dir='ltr'><strong>quim</strong></span> <span class='ocrx_word' id='word_1_169' title='bbox 345 2325 440 2402; x_wconf 88' lang='lat' dir='ltr'><strong>ipsum</strong></span> <span class='ocrx_word' id='word_1_170' title='bbox 455 2324 492 2383; x_wconf 89' lang='lat' dir='ltr'><strong>nd</strong></span> <span class='ocrx_word' id='word_1_171' title='bbox 506 2325 577 2382; x_wconf 91' lang='lat' dir='ltr'><strong>lines</strong></span> <span class='ocrx_word' id='word_1_172' title='bbox 592 2323 687 2384; x_wconf 83' lang='lat' dir='ltr'><strong>Iudiae</strong></span> <span class='ocrx_word' id='word_1_173' title='bbox 708 2325 871 2402; x_wconf 84' lang='lat' dir='ltr'><strong>pervenisse</strong></span> <span class='ocrx_word' id='word_1_174' title='bbox 892 2325 1119 2404; x_wconf 84' lang='lat' dir='ltr'><strong>cognovissent.¹‘</strong></span> 
     </span>
     <span class='ocr_line' id='line_1_22' title="bbox 101 2418 1120 2499; baseline 0.003 -22"><span class='ocrx_word' id='word_1_175' title='bbox 101 2420 173 2497; x_wconf 91' lang='lat' dir='ltr'><strong>Ipse</strong></span> <span class='ocrx_word' id='word_1_176' title='bbox 188 2418 314 2478; x_wconf 87' lang='lat' dir='ltr'><strong>Bessum</strong></span> <span class='ocrx_word' id='word_1_177' title='bbox 337 2439 523 2498; x_wconf 89' lang='lat' dir='ltr'><strong>persequens,</strong></span> <span class='ocrx_word' id='word_1_178' title='bbox 544 2420 641 2497; x_wconf 87' lang='lat' dir='ltr'><strong>copias</strong></span> <span class='ocrx_word' id='word_1_179' title='bbox 663 2421 771 2480; x_wconf 85' lang='lat' dir='ltr'><strong>movit:</strong></span> <span class='ocrx_word' id='word_1_180' title='bbox 796 2421 843 2479; x_wconf 91' lang='lat' dir='ltr'><strong>eni</strong></span> <span class='ocrx_word' id='word_1_181' title='bbox 864 2419 1004 2498; x_wconf 80' lang='lat' dir='ltr'><strong>Erigyius</strong></span> <span class='ocrx_word' id='word_1_182' title='bbox 1026 2421 1120 2499; x_wconf 88' lang='lat' dir='ltr'><strong>spolia</strong></span> 
     </span>
     <span class='ocr_line' id='line_1_23' title="bbox 100 2514 990 2594; baseline 0.003 -20"><span class='ocrx_word' id='word_1_183' title='bbox 100 2515 237 2588; x_wconf 87' lang='lat' dir='ltr'><strong>Barbari,</strong></span> <span class='ocrx_word' id='word_1_184' title='bbox 252 2533 306 2573; x_wconf 90' lang='lat' dir='ltr'><strong>cen</strong></span> <span class='ocrx_word' id='word_1_185' title='bbox 319 2516 340 2544; x_wconf 83' lang='lat'><strong>¹⁷</strong></span> <span class='ocrx_word' id='word_1_186' title='bbox 347 2515 476 2592; x_wconf 90' lang='lat' dir='ltr'><strong>opimum</strong></span> <span class='ocrx_word' id='word_1_187' title='bbox 486 2514 562 2574; x_wconf 31' lang='lat' dir='ltr'><strong>*belli</strong></span> <span class='ocrx_word' id='word_1_188' title='bbox 575 2515 665 2575; x_wconf 85' lang='lat' dir='ltr'><strong>decus</strong></span> <span class='ocrx_word' id='word_1_189' title='bbox 678 2517 844 2594; x_wconf 84' lang='lat' dir='ltr'><strong>praeferens,</strong></span> <span class='ocrx_word' id='word_1_190' title='bbox 855 2517 990 2577; x_wconf 77' lang='lat' dir='ltr'><strong>oceumit.</strong></span> 
     </span>
    </p>

    <p class='ocr_par' dir='ltr' id='par_1_5' title="bbox 98 2609 1118 3933">
     <span class='ocr_line' id='line_1_24' title="bbox 162 2609 1118 2690; baseline 0.001 -21"><span class='ocrx_word' id='word_1_191' title='bbox 162 2610 201 2669; x_wconf 86' lang='lat' dir='ltr'><strong>V.</strong></span> <span class='ocrx_word' id='word_1_192' title='bbox 239 2613 282 2668; x_wconf 89' lang='lat'><strong>18.</strong></span> <span class='ocrx_word' id='word_1_193' title='bbox 314 2610 413 2688; x_wconf 87' lang='lat' dir='ltr'><strong>Igitur</strong></span> <span class='ocrx_word' id='word_1_194' title='bbox 435 2609 658 2669; x_wconf 87' lang='lat' dir='ltr'><strong>Bactrianorum</strong></span> <span class='ocrx_word' id='word_1_195' title='bbox 680 2611 796 2690; x_wconf 87' lang='lat' dir='ltr'><strong>regione</strong></span> <span class='ocrx_word' id='word_1_196' title='bbox 823 2611 970 2671; x_wconf 85' lang='lat' dir='ltr'><strong>Artabano</strong></span> <span class='ocrx_word' id='word_1_197' title='bbox 998 2610 1118 2687; x_wconf 73' lang='lat' dir='ltr'><strong>tradita,</strong></span> 
     </span>
     <span class='ocr_line' id='line_1_25' title="bbox 99 2705 1118 2784; baseline 0.002 -20"><span class='ocrx_word' id='word_1_198' title='bbox 99 2706 231 2765; x_wconf 87' lang='lat' dir='ltr'><strong>sarcinas</strong></span> <span class='ocrx_word' id='word_1_199' title='bbox 245 2713 277 2764; x_wconf 92' lang='lat' dir='ltr'><strong>et</strong></span> <span class='ocrx_word' id='word_1_200' title='bbox 290 2705 498 2783; x_wconf 88' lang='lat' dir='ltr'><strong>impedimenta</strong></span> <span class='ocrx_word' id='word_1_201' title='bbox 511 2706 552 2766; x_wconf 91' lang='lat' dir='ltr'><strong>ibi</strong></span> <span class='ocrx_word' id='word_1_202' title='bbox 566 2725 632 2764; x_wconf 90' lang='lat' dir='ltr'><strong>cum</strong></span> <span class='ocrx_word' id='word_1_203' title='bbox 646 2707 781 2783; x_wconf 84' lang='lat' dir='ltr'><strong>praesidio</strong></span> <span class='ocrx_word' id='word_1_204' title='bbox 792 2705 919 2784; x_wconf 91' lang='lat' dir='ltr'><strong>reliquit.</strong></span> <span class='ocrx_word' id='word_1_205' title='bbox 962 2706 1031 2783; x_wconf 88' lang='lat' dir='ltr'><strong>Ipse</strong></span> <span class='ocrx_word' id='word_1_206' title='bbox 1052 2726 1118 2766; x_wconf 87' lang='lat' dir='ltr'><strong>curn</strong></span> 
     </span>
     <span class='ocr_line' id='line_1_26' title="bbox 99 2800 1118 2880; baseline 0.003 -21"><span class='ocrx_word' id='word_1_207' title='bbox 99 2801 240 2879; x_wconf 83' lang='lat' dir='ltr'><strong>expedito</strong></span> <span class='ocrx_word' id='word_1_208' title='bbox 262 2801 377 2880; x_wconf 88' lang='lat' dir='ltr'><strong>agmine</strong></span> <span class='ocrx_word' id='word_1_209' title='bbox 398 2800 463 2859; x_wconf 90' lang='lat' dir='ltr'><strong>loca</strong></span> <span class='ocrx_word' id='word_1_210' title='bbox 485 2801 601 2860; x_wconf 90' lang='lat' dir='ltr'><strong>deserta</strong></span> <span class='ocrx_word' id='word_1_211' title='bbox 622 2801 835 2880; x_wconf 83' lang='lat' dir='ltr'><strong>Sogdianorum</strong></span> <span class='ocrx_word' id='word_1_212' title='bbox 856 2801 955 2875; x_wconf 86' lang='lat' dir='ltr'><strong>intrat,</strong></span> <span class='ocrx_word' id='word_1_213' title='bbox 976 2809 1118 2862; x_wconf 84' lang='lat' dir='ltr'><strong>nocturno</strong></span> 
     </span>
     <span class='ocr_line' id='line_1_27' title="bbox 98 2894 1116 2980; baseline 0.002 -26"><span class='ocrx_word' id='word_1_214' title='bbox 98 2895 207 2955; x_wconf 88' lang='lat' dir='ltr'><strong>itinere</strong></span> <span class='ocrx_word' id='word_1_215' title='bbox 221 2897 382 2980; x_wconf 78' lang='lat' dir='ltr'><strong>exqrcitum</strong></span> <span class='ocrx_word' id='word_1_216' title='bbox 396 2896 512 2956; x_wconf 84' lang='lat' dir='ltr'><strong>dnoeus.</strong></span> <span class='ocrx_word' id='word_1_217' title='bbox 555 2897 709 2974; x_wconf 85' lang='lat' dir='ltr'><strong>Aquarum</strong></span> <span class='ocrx_word' id='word_1_218' title='bbox 723 2894 769 2971; x_wconf 91' lang='lat' dir='ltr'><strong>(ut</strong></span> <span class='ocrx_word' id='word_1_219' title='bbox 783 2896 852 2953; x_wconf 82' lang='lat' dir='ltr'><strong>antd</strong></span> <span class='ocrx_word' id='word_1_220' title='bbox 874 2895 984 2954; x_wconf 90' lang='lat' dir='ltr'><strong>dictum</strong></span> <span class='ocrx_word' id='word_1_221' title='bbox 998 2897 1056 2974; x_wconf 82' lang='lat' dir='ltr'><strong>est)</strong></span> <span class='ocrx_word' id='word_1_222' title='bbox 1070 2915 1116 2974; x_wconf 90' lang='lat' dir='ltr'><strong>pe·</strong></span> 
     </span>
     <span class='ocr_line' id='line_1_28' title="bbox 98 2990 1116 3070; baseline 0 -18"><span class='ocrx_word' id='word_1_223' title='bbox 98 2993 194 3068; x_wconf 87' lang='lat' dir='ltr'><strong>nuria,</strong></span> <span class='ocrx_word' id='word_1_224' title='bbox 221 2992 324 3070; x_wconf 85' lang='lat' dir='ltr'><strong>¹priris</strong></span> <span class='ocrx_word' id='word_1_225' title='bbox 349 2992 560 3069; x_wconf 88' lang='lat' dir='ltr'><strong>desperatione,</strong></span> <span class='ocrx_word' id='word_1_226' title='bbox 588 2993 678 3070; x_wconf 73' lang='lat' dir='ltr'><strong>qnam</strong></span> <span class='ocrx_word' id='word_1_227' title='bbox 706 2990 850 3050; x_wconf 90' lang='lat' dir='ltr'><strong>desiderio</strong></span> <span class='ocrx_word' id='word_1_228' title='bbox 881 2990 1008 3065; x_wconf 91' lang='lat' dir='ltr'><strong>bibendi,</strong></span> <span class='ocrx_word' id='word_1_229' title='bbox 1037 2992 1116 3052; x_wconf 85' lang='lat' dir='ltr'><strong>sitim</strong></span> 
     </span>
     <span class='ocr_line' id='line_1_29' title="bbox 98 3085 1117 3166; baseline 0.001 -19"><span class='ocrx_word' id='word_1_230' title='bbox 98 3087 241 3147; x_wconf 83' lang='lat' dir='ltr'><strong>accendit</strong></span> <span class='ocrx_word' id='word_1_231' title='bbox 283 3087 343 3146; x_wconf 91' lang='lat' dir='ltr'><strong>Per</strong></span> <span class='ocrx_word' id='word_1_232' title='bbox 355 3086 567 3166; x_wconf 84' lang='lat' dir='ltr'><strong>quadringenta</strong></span> <span class='ocrx_word' id='word_1_233' title='bbox 581 3086 678 3146; x_wconf 88' lang='lat' dir='ltr'><strong>stadia</strong></span> <span class='ocrx_word' id='word_1_234' title='bbox 691 3105 727 3146; x_wconf 91' lang='lat' dir='ltr'><strong>ne</strong></span> <span class='ocrx_word' id='word_1_235' title='bbox 741 3085 872 3145; x_wconf 87' lang='lat' dir='ltr'><strong>modicus</strong></span> <span class='ocrx_word' id='word_1_236' title='bbox 882 3087 999 3166; x_wconf 89' lang='lat' dir='ltr'><strong>quidem</strong></span> <span class='ocrx_word' id='word_1_237' title='bbox 1013 3087 1117 3148; x_wconf 87' lang='lat' dir='ltr'><strong>humor</strong></span> 
     </span>
     <span class='ocr_line' id='line_1_30' title="bbox 98 3181 1116 3263; baseline 0.002 -21"><span class='ocrx_word' id='word_1_238' title='bbox 98 3183 212 3242; x_wconf 80' lang='lat' dir='ltr'><strong>existit</strong></span> <span class='ocrx_word' id='word_1_239' title='bbox 255 3183 370 3240; x_wconf 83' lang='lat' dir='ltr'><strong>Arenae</strong></span> <span class='ocrx_word' id='word_1_240' title='bbox 384 3201 473 3259; x_wconf 81' lang='lat' dir='ltr'><strong>vapor</strong></span> <span class='ocrx_word' id='word_1_241' title='bbox 486 3182 583 3240; x_wconf 87' lang='lat' dir='ltr'><strong>aestivi</strong></span> <span class='ocrx_word' id='word_1_242' title='bbox 595 3181 665 3240; x_wconf 91' lang='lat' dir='ltr'><strong>solis</strong></span> <span class='ocrx_word' id='word_1_243' title='bbox 685 3181 904 3261; x_wconf 66' lang='lat' dir='ltr'><strong>accenditque</strong></span> <span class='ocrx_word' id='word_1_244' title='bbox 924 3183 975 3243; x_wconf 89' lang='lat' dir='ltr'><strong>ubi</strong></span> <span class='ocrx_word' id='word_1_245' title='bbox 995 3183 1116 3263; x_wconf 85' lang='lat' dir='ltr'><strong>flagrare</strong></span> 
     </span>
     <span class='ocr_line' id='line_1_31' title="bbox 98 3276 1116 3356; baseline -0.001 -19"><span class='ocrx_word' id='word_1_246' title='bbox 98 3283 258 3356; x_wconf 88' lang='lat' dir='ltr'><strong>coeperunt,</strong></span> <span class='ocrx_word' id='word_1_247' title='bbox 272 3277 351 3335; x_wconf 91' lang='lat' dir='ltr'><strong>band</strong></span> <span class='ocrx_word' id='word_1_248' title='bbox 365 3277 452 3334; x_wconf 82' lang='lat' dir='ltr'><strong>secrls</strong></span> <span class='ocrx_word' id='word_1_249' title='bbox 465 3278 554 3354; x_wconf 78' lang='lat' dir='ltr'><strong>quim</strong></span> <span class='ocrx_word' id='word_1_250' title='bbox 568 3276 729 3335; x_wconf 89' lang='lat' dir='ltr'><strong>continenti</strong></span> <span class='ocrx_word' id='word_1_251' title='bbox 743 3277 876 3336; x_wconf 90' lang='lat' dir='ltr'><strong>incendio</strong></span> <span class='ocrx_word' id='word_1_252' title='bbox 888 3285 992 3336; x_wconf 88' lang='lat' dir='ltr'><strong>cuncta</strong></span> <span class='ocrx_word' id='word_1_253' title='bbox 1006 3285 1116 3338; x_wconf 88' lang='lat' dir='ltr'><strong>terren·</strong></span> 
     </span>
     <span class='ocr_line' id='line_1_32' title="bbox 98 3371 1116 3450; baseline 0 -18"><span class='ocrx_word' id='word_1_254' title='bbox 98 3382 158 3433; x_wconf 88' lang='lat' dir='ltr'><strong>tur.</strong></span> <span class='ocrx_word' id='word_1_255' title='bbox 200 3371 323 3450; x_wconf 76' lang='lat' dir='ltr'><strong>&#39;Caligo</strong></span> <span class='ocrx_word' id='word_1_256' title='bbox 338 3371 454 3447; x_wconf 74' lang='lat' dir='ltr'><strong>deinde,</strong></span> <span class='ocrx_word' id='word_1_257' title='bbox 467 3372 622 3430; x_wconf 89' lang='lat' dir='ltr'><strong>immodico</strong></span> <span class='ocrx_word' id='word_1_258' title='bbox 641 3379 728 3431; x_wconf 74' lang='lat' dir='ltr'><strong>terrm</strong></span> <span class='ocrx_word' id='word_1_259' title='bbox 748 3372 858 3432; x_wconf 83' lang='lat' dir='ltr'><strong>fervore</strong></span> <span class='ocrx_word' id='word_1_260' title='bbox 873 3374 1007 3447; x_wconf 88' lang='lat' dir='ltr'><strong>excitata,</strong></span> <span class='ocrx_word' id='word_1_261' title='bbox 1022 3373 1116 3434; x_wconf 88' lang='lat' dir='ltr'><strong>lucem</strong></span> 
     </span>
     <span class='ocr_line' id='line_1_33' title="bbox 98 3467 1115 3548; baseline -0.002 -20"><span class='ocrx_word' id='word_1_262' title='bbox 98 3469 194 3548; x_wconf 84' lang='lat' dir='ltr'><strong>tegit:</strong></span> <span class='ocrx_word' id='word_1_263' title='bbox 216 3487 439 3547; x_wconf 88' lang='lat' dir='ltr'><strong>camporumque</strong></span> <span class='ocrx_word' id='word_1_264' title='bbox 454 3487 511 3527; x_wconf 92' lang='lat' dir='ltr'><strong>non</strong></span> <span class='ocrx_word' id='word_1_265' title='bbox 525 3467 682 3546; x_wconf 75' lang='lat' dir='ltr'><strong>alioquim</strong></span> <span class='ocrx_word' id='word_1_266' title='bbox 697 3468 772 3526; x_wconf 88' lang='lat' dir='ltr'><strong>vasti</strong></span> <span class='ocrx_word' id='word_1_267' title='bbox 786 3475 817 3526; x_wconf 89' lang='lat' dir='ltr'><strong>et</strong></span> <span class='ocrx_word' id='word_1_268' title='bbox 826 3468 964 3545; x_wconf 86' lang='lat' dir='ltr'><strong>profundi</strong></span> <span class='ocrx_word' id='word_1_269' title='bbox 989 3468 1115 3546; x_wconf 73' lang='lat' dir='ltr'><strong>equoris</strong></span> 
     </span>
     <span class='ocr_line' id='line_1_34' title="bbox 98 3562 1115 3642; baseline -0.002 -18"><span class='ocrx_word' id='word_1_270' title='bbox 98 3565 211 3642; x_wconf 89' lang='lat' dir='ltr'><strong>species</strong></span> <span class='ocrx_word' id='word_1_271' title='bbox 226 3570 279 3622; x_wconf 87' lang='lat' dir='ltr'><strong>est.</strong></span> <span class='ocrx_word' id='word_1_272' title='bbox 322 3563 506 3622; x_wconf 87' lang='lat' dir='ltr'><strong>Nocturnum</strong></span> <span class='ocrx_word' id='word_1_273' title='bbox 530 3563 586 3622; x_wconf 88' lang='lat' dir='ltr'><strong>iter</strong></span> <span class='ocrx_word' id='word_1_274' title='bbox 606 3563 760 3623; x_wconf 87' lang='lat' dir='ltr'><strong>tolerabile</strong></span> <span class='ocrx_word' id='word_1_275' title='bbox 782 3562 944 3637; x_wconf 85' lang='lat' dir='ltr'><strong>videbatur,</strong></span> <span class='ocrx_word' id='word_1_276' title='bbox 958 3562 1028 3640; x_wconf 90' lang='lat' dir='ltr'><strong>quia</strong></span> <span class='ocrx_word' id='word_1_277' title='bbox 1049 3581 1115 3622; x_wconf 91' lang='lat' dir='ltr'><strong>rore</strong></span> 
     </span>
     <span class='ocr_line' id='line_1_35' title="bbox 98 3656 1114 3736; baseline -0.005 -18"><span class='ocrx_word' id='word_1_278' title='bbox 98 3669 129 3718; x_wconf 88' lang='lat' dir='ltr'><strong>et</strong></span> <span class='ocrx_word' id='word_1_279' title='bbox 143 3659 288 3718; x_wconf 89' lang='lat' dir='ltr'><strong>matutino</strong></span> <span class='ocrx_word' id='word_1_280' title='bbox 301 3658 410 3736; x_wconf 82' lang='lat' dir='ltr'><strong>frigore</strong></span> <span class='ocrx_word' id='word_1_281' title='bbox 430 3677 553 3735; x_wconf 89' lang='lat' dir='ltr'><strong>corpora</strong></span> <span class='ocrx_word' id='word_1_282' title='bbox 571 3657 749 3718; x_wconf 77' lang='lat' dir='ltr'><strong>levabantur.</strong></span> <span class='ocrx_word' id='word_1_283' title='bbox 794 3656 943 3718; x_wconf 82' lang='lat' dir='ltr'><strong>anterrlm</strong></span> <span class='ocrx_word' id='word_1_284' title='bbox 963 3675 1028 3714; x_wconf 90' lang='lat' dir='ltr'><strong>oum</strong></span> <span class='ocrx_word' id='word_1_285' title='bbox 1050 3657 1114 3734; x_wconf 76' lang='lat' dir='ltr'><strong>ipsa</strong></span> 
     </span>
     <span class='ocr_line' id='line_1_36' title="bbox 98 3751 1114 3832; baseline -0.004 -18"><span class='ocrx_word' id='word_1_286' title='bbox 98 3756 164 3814; x_wconf 91' lang='lat' dir='ltr'><strong>lnce</strong></span> <span class='ocrx_word' id='word_1_287' title='bbox 185 3763 278 3814; x_wconf 85' lang='lat' dir='ltr'><strong>aestus</strong></span> <span class='ocrx_word' id='word_1_288' title='bbox 301 3755 404 3829; x_wconf 90' lang='lat' dir='ltr'><strong>oritur,</strong></span> <span class='ocrx_word' id='word_1_289' title='bbox 419 3773 588 3832; x_wconf 90' lang='lat' dir='ltr'><strong>omnemque</strong></span> <span class='ocrx_word' id='word_1_290' title='bbox 610 3753 772 3812; x_wconf 85' lang='lat' dir='ltr'><strong>naturalem</strong></span> <span class='ocrx_word' id='word_1_291' title='bbox 799 3753 938 3812; x_wconf 90' lang='lat' dir='ltr'><strong>absorbet</strong></span> <span class='ocrx_word' id='word_1_292' title='bbox 964 3751 1114 3810; x_wconf 89' lang='lat' dir='ltr'><strong>humorem</strong></span> 
     </span>
     <span class='ocr_line' id='line_1_37' title="bbox 98 3846 1113 3933; baseline -0.004 -23"><span class='ocrx_word' id='word_1_293' title='bbox 98 3851 236 3910; x_wconf 87' lang='lat' dir='ltr'><strong>siccitas:</strong></span> <span class='ocrx_word' id='word_1_294' title='bbox 251 3868 302 3909; x_wconf 90' lang='lat' dir='ltr'><strong>ora</strong></span> <span class='ocrx_word' id='word_1_295' title='bbox 315 3849 485 3929; x_wconf 80' lang='lat' dir='ltr'><strong>visceraque</strong></span> <span class='ocrx_word' id='word_1_296' title='bbox 498 3850 616 3927; x_wconf 89' lang='lat' dir='ltr'><strong>penitus</strong></span> <span class='ocrx_word' id='word_1_297' title='bbox 628 3857 760 3908; x_wconf 88' lang='lat' dir='ltr'><strong>uruntur.</strong></span> <span class='ocrx_word' id='word_1_298' title='bbox 784 3848 890 3933; x_wconf 83' lang='lat' dir='ltr'><strong>Itaque</strong></span> <span class='ocrx_word' id='word_1_299' title='bbox 904 3847 1040 3926; x_wconf 77' lang='lat' dir='ltr'><strong>primum,</strong></span> <span class='ocrx_word' id='word_1_300' title='bbox 1056 3846 1113 3906; x_wconf 88' lang='lat' dir='ltr'><strong>ani·</strong></span> 
     </span>
    </p>
   </div>
   <div class='ocr_carea' id='block_1_5' title="bbox 0 0 1300 4400">
    <p class='ocr_par' dir='ltr' id='par_1_6' title="bbox 0 0 1300 4400">
     <span class='ocr_line' id='line_1_38' title="bbox 0 0 1300 4400; baseline 0 3"><span class='ocrx_word' id='word_1_301' title='bbox 0 0 1300 4400; x_wconf 95' lang='lat' dir='ltr'><strong> </strong></span> 
     </span>
    </p>
   </div>
  </div>
 </body>
</html>
