2592 4400
169 354 202 410 16
510 370 651 418 aururr
681 370 821 410 ouarrr

82 491 291 586 darpraeceps
315 525 354 581 se,
369 508 419 567 sed
433 509 600 567 ’strenuum
623 506 780 566 remedium
801 509 911 582 afferre,
932 515 1098 586 tantamque
1118 509 1198 567 vim

170 602 261 662 morbi
283 602 398 678 potione
418 602 561 661 medicati
582 603 744 660 levaturum
758 623 819 661 esse
831 602 970 680 promisit.
1014 602 1097 661 Nulli
1117 622 1197 679 pro-

169 696 288 754 missum
310 698 373 771 ejus
395 696 535 772 placebat,
556 703 660 772 prester
680 697 773 774 ipsum
794 699 897 773 'cujus
918 697 1044 774 periculo
1065 697 1198 773 pollice-

170 789 261 867 batur.
306 790 411 850 Omnia
424 791 527 868 quippe
548 791 675 865 facilius,
688 793 774 868 quam
795 811 913 866 moram,
927 792 1037 868 perpeti
1059 797 1195 867 poterat.

48 956 50 966 Ι
171 886 263 942 Arma
276 891 305 942 et
319 884 393 944 acies
407 885 437 942 in
451 885 540 943 oculis
553 892 652 960 erant3
675 893 704 943 et
717 885 867 944 victoriam
886 886 916 943 in
930 905 962 944 eo
976 885 1099 962 positam
1120 904 1199 943 esse

104 973 375 1055 Marbitrabatur,
390 981 415 1038 si
439 983 554 1038 tantuim
578 987 644 1038 ante
666 980 748 1058 signa
769 987 845 1040 stare
866 981 1026 1057 potuisset:
1048 979 1196 1056 idipsum,

173 1059 248 1151 quod
268 1081 333 1151 post
357 1075 432 1133 diem
455 1075 574 1133 tertium
594 1075 834 1132 medicamentum
856 1081 1020 1151 sumpturus
1041 1082 1116 1133 esset
1132 1074 1199 1150 (ita

174 1169 249 1226 enim
262 1169 390 1228 medicus
414 1169 598 1248 praedixerat)
613 1171 690 1247 aegre
713 1169 815 1228 ferens.
858 1169 941 1227 Inter
960 1169 1020 1228 brec
1038 1189 1056 1226 a
1068 1168 1196 1227 Parme-

174 1263 258 1348 qioue
290 1263 427 1322 fidissimo
459 1264 701 1340 *purpuratorum
733 1263 848 1322 litteras
881 1263 992 1341 acoipit,
1019 1264 1124 1341 quibus
1162 1263 1196 1320 ei

176 1358 376 1432 denunciabat,
400 1377 435 1416 ne
460 1358 581 1416 salutem
605 1378 686 1418 suam
713 1357 852 1434 Philippo
878 1359 1078 1433 committeret,
1105 1357 1197 1415 mille

92 1442 294 1531 qu‘talentis
309 1472 326 1510 a
340 1452 438 1527 Dario,
453 1459 483 1511 et
497 1471 545 1528 spe
559 1453 725 1529 nuptiarum
738 1447 920 1528 sororis'ejus
934 1471 995 1511 esse
1009 1459 1193 1529 corruptum.

178 1547 331 1624 Ingentem
354 1547 446 1606 auimo
474 1547 696 1606 sollicitudinem
718 1540 824 1605 litterae
846 1548 1033 1622 incusserant,
1054 1554 1084 1605 et
1110 1547 1195 1624 quic-
1242 1566 1270 1589 ··

178 1641 248 1721 quid
274 1642 322 1699 “in
335 1649 485 1720 utramque
510 1649 620 1719 partem
644 1650 696 1701 aut
716 1650 818 1718 metus,
841 1650 890 1700 aut
912 1661 978 1719 spes
1001 1643 1193 1748 'mbjeeerat,

179 1740 290 1796 secreta
312 1737 505 1796 aestimatione
529 1736 676 1812 pensabat
719 1737 852 1798 “Bibere
872 1736 1073 1813 perseverem?
1100 1742 1141 1810 ut,
1164 1735 1194 1793 si

179 1839 320 1892 venenum
341 1831 390 1889 dat
378 1838 438 1890 tum
459 1831 579 1904 ἰιιιιιὶι,7
588 1851 624 1888 ne
644 1830 789 1889 immerito
812 1831 936 1909 quidem,
959 1830 1096 1908 quioquid
1118 1830 1194 1888 acci-

64 1926 66 1934 ’
108 1903 164 1993 ln
180 1925 263 2000 derit,
285 1925 412 1985 evenisse
432 1925 590 1985 videatur?
630 1924 770 1982 Damnem
790 1925 894 1983 modici
915 1924 1051 1983 fidemt'
1043 1945 1074 1982 1u
1097 1925 1194 1984 taber·

180 2021 282 2079 uaculo
296 2041 363 2099 ergo
376 2040 420 2078 me
434 2020 556 2097 opprim1
548 2019 711 2096 'patiar‘ia
729 2020 772 2077 At
786 2019 878 2078 satius
891 2027 936 2077 eet
950 2019 1045 2077 alieno
1058 2020 1192 2078 memori

182 2114 295 2189 scelere,
317 2115 403 2191 quam
420 2122 499 2172 metu
521 2114 646 2172 nostro.”
688 2112 747 2171 Diu
767 2113 915 2172 auimo-in
934 2113 1049 2172 diversa
1068 2121 1191 2189 versato,

1207 601 1222 633 Q

181 2210 253 2267 nulli
266 2209 336 2287 quid
350 2210 487 2285 scriptum
497 2216 573 2267 esset
575 2210 746 2283 ,enunciat
740 2209 968 2287 ,epistolamque
982 2209 1078 2288 sigillo
1092 2210 1192 2274 annuli

183 2306 228 2364 sni
242 2305 387 2382 impresso,
400 2304 527 2380 pulvino,
541 2323 588 2361 cu1
579 2303 757 2363 'incubabat
745 2304 913 2380 t,subjeeit.
1272 2345 1273 2356 ,

94 2382 219 2465 Jss
247 2403 289 2459 14.
313 2399 393 2457 Inter
401 2398 454 2457 has
467 2399 574 2477 cogitat
576 2417 656 2457 iones
666 2398 755 2459 brduo
769 2407 925 2477 assumpto,
935 2399 1036 2458 illuxit
1049 2419 1066 2457 a
1079 2360 1190 2459 medico
1270 2464 1274 2483 ,

184 2496 256 2555 dest
235 2488 309 2553 tmat
310 2514 344 2553 us
297 2494 437 2553 tdies.
480 2494 520 2553 Et
540 2494 590 2550 ille
614 2512 678 2550 cum
701 2494 838 2570 poculo,
830 2514 861 2551 m
880 2514 935 2571 quo
955 2494 1188 2553 medicamentum
1248 2522 1273 2576 ·,

184 2591 317 2664 diluerat,
341 2588 468 2647 intravit.
522 2586 585 2658 Quo
609 2588 672 2648 viso
699 2588 871 2663 Alexander,
898 2589 994 2647 levato
1020 2609 1136 2666 corpore
1160 2591 1190 2648 in
1272 2579 1273 2612 ³

155 2740 156 2743 ,
184 2686 321 2759 cubitum,
356 2683 506 2760 epistolam
538 2704 556 2741 a
582 2682 773 2741 Parmenione
805 2683 921 2742 missam
955 2671 1075 2763 sinistra
1107 2704 1191 2743 mauu

185 2790 295 2855 tenens,
310 2779 414 2856 accipit
435 2779 575 2856 poculum,
589 2786 620 2837 et
634 2778 752 2837 ⁸haurit
771 2778 938 2837 interritus:
959 2785 1021 2837 tum
1036 2779 1188 2855 ‘epistolam

107 2856 352 2952 ffdoPhilippum
374 2874 468 2953 legere
486 2874 578 2950 jubet,
603 2893 655 2931 nec
678 2892 696 2930 a
718 2873 803 2934 vultu
829 2872 952 2952 legentis
976 2874 1067 2932 movit
1086 2874 1188 2951 oculos,

185 2979 266 3031 ratus
280 2970 390 3047 aliquas
404 2970 603 3029 ”conscientiae
610 2968 733 3027 notasiu
745 2968 808 3044 ipso
821 2988 870 3026 ore
883 2987 965 3045 posse
977 2957 1188 3044 deprebendere,
1272 3001 1273 3006 ι

186 3066 243 3125 Ille
257 3064 379 3140 epistola
400 3064 534 3140 perlecti,
548 3063 613 3139 plus
633 3062 847 3140 indignationis,
861 3064 947 3140 quim
967 3063 1081 3139 pavoris
1102 3071 1189 3122 osten·

188 3161 248 3220 dit:
270 3158 461 3235 projectisque
486 3157 637 3215 ¹⁰amiculo
658 3164 688 3215 et
708 3157 815 3215 litteris
838 3164 906 3215 ante
930 3157 1055 3217 lectum:
1076 3158 1187 3234 “Rem’‘

187 3254 290 3332 inquit,
306 3255 466 3329 ‘semper
474 3252 589 3330 qu1dem
602 3251 721 3328 spiritus
730 3270 811 3309 meus
819 3252 1048 3328 extepependrt
1059 3253 1110 3310 sed
1119 3272 1188 3312 nuno
1267 3254 1273 3269 ⁴

62 3342 254 3435 &sveri
269 3347 326 3407 ab
318 3355 375 3405 isto
389 3366 467 3406 sacro
482 3354 511 3405 et
523 3345 682 3407 venerabili
702 3365 751 3405 ore
770 3346 902 3405 trahitur.
945 3344 1095 3410 Grimen¹²
1106 3349 1245 3449 parri

188 3420 266 3519 cidii,
288 3442 365 3520 quod
386 3441 458 3499 mihi
480 3442 622 3517 objectum
636 3447 690 3516 est,
709 3448 761 3499 tua
781 3442 859 3500 salus
880 3441 979 3499 diluet.
1021 3422 1245 3501 Semelast

188 3558 232 3597 me
246 3538 275 3597 vi
277 3545 336 3595 tam
357 3535 428 3594 mihi
450 3535 572 3593 dederis.
616 3535 685 3608 Oro,
699 3554 857 3613 quaesoque,
873 3535 978 3592 omisso
996 3543 1084 3609 metu,
1098 3543 1186 3611 patere
1268 3581 1270 3592 ,

188 3634 427 3691 medicamentum
448 3630 558 3707 concipi
572 3630 662 3691 venis
712 3630 793 3687 Laxa
806 3629 951 3705 paulisper
965 3629 1098 3704 animum,
1112 3650 1211 3745 quem

190 3722 383 3785 sollicitudine
396 3725 598 3802 intempestiva
612 3724 696 3781 amici
709 3743 777 3782 sane
790 3724 896 3797 fideles,
906 3724 956 3780 sed
969 3724 1087 3781 moleste
1101 3704 1211 3783 seduli

106 3810 181 3891 0⁹7st
191 3822 335 3881 turbant.”
387 3820 453 3880 Non
467 3838 593 3878 securum
614 3818 699 3877 modo
712 3816 774 3877 brec
787 3837 852 3891 vox,
865 3816 1016 3875 sedetiam
1027 3816 1183 3878 laetumlte
1264 3829 1270 3874 ι’
