2592 4400
183 433 222 490 44
527 443 574 490 ou
603 444 623 482 u
661 443 672 482 r
696 441 839 562 mg‘bl

9 555 334 690 pſjsffacciderat
362 541 671 644 admovit.l(⁷Primn
696 601 713 640 e
738 579 928 641 Macedonum
959 579 1090 654 navibus,
1114 579 1200 657 qnin-

182 679 324 760 queremis
337 678 487 740 velocitate
509 677 582 736 inter
602 683 721 735 caeteras
741 675 877 748 eminens,
891 673 1031 733 occurrit:
1052 693 1137 752 qnam
1161 679 1269 742 ute,

183 775 354 852 conspexere
377 773 468 850 Tyrii,
482 770 547 832 dnae
560 771 595 830 'e
609 771 723 831 diverso
742 770 774 828 in
794 769 887 828 latera
899 771 962 846 ejus
974 769 1096 828 invectae
1115 774 1200 841 sunt,

183 870 213 928 in
226 889 346 947 quarum
360 867 479 926 alteram
499 864 711 1050 quinquemis
724 863 825 924 eadem
845 864 995 939 concitata,
1009 871 1039 922 et
1052 864 1115 941 ipsa
1133 883 1202 922 ros·

184 971 229 1022 tro
253 965 310 1022 icta
333 969 385 1038 est,
401 970 431 1021 et
453 962 534 1021 illam
554 961 584 1020 in
632 979 678 1018 em
697 959 798 1020 tenuit.
840 960 967 1039 Jamque
987 979 1030 1035 ea,
1052 979 1116 1038 qum
1134 978 1199 1018 non

9 1081 80 1157 q„
92 1057 349 1166 hffcohaerebat,
363 1057 455 1118 libero
475 1056 587 1134 impetu
599 1062 708 1130 evecta,
731 1054 763 1112 in
783 1053 862 1114 alind
882 1055 1095 1134 quinqueremis
1116 1053 1202 1113 latus

88 1197 97 1220 .
184 1149 377 1228 invehebatur,
392 1155 459 1211 edm
481 1150 697 1229 opportunitate
719 1149 795 1210 mire
817 1151 945 1209 triremis
965 1171 980 1209 c
1001 1150 1092 1208 classe
1100 1149 1202 1209 ,Alex-
1221 1181 1235 1198 υ
1249 1195 1261 1207 ..

184 1251 275 1324 andri,
299 1250 330 1306 in
353 1267 417 1308 eam
440 1247 540 1324 ipsam,
563 1265 629 1325 quae
651 1231 844 1324 quinqueremi
867 1245 1043 1320 imminebat,
1063 1249 1147 1302 tanta
1167 1245 1204 1303 vi

185 1346 308 1422 impulse
330 1350 383 1417 est,
410 1349 444 1402 nt
466 1341 572 1420 Tyrius
592 1341 767 1418 gubernator
786 1341 818 1398 in
838 1359 917 1399 mare
942 1343 1159 1399 ¹enecuteretur
1184 1359 1204 1398 e

185 1441 280 1520 puppi
332 1437 436 1498 Plures
463 1437 567 1496 deinde
588 1435 786 1524 §lncedcnnm
811 1455 898 1495 naves
924 1437 1136 1513 superueniunt,
1166 1443 1204 1495 et

9 1544 99 1644 qn*
113 1535 253 1670 l‘ssex
278 1551 388 1613 quoqne
422 1531 538 1607 aderat,
569 1535 637 1588 edm
672 1530 754 1608 Tyrii
782 1532 800 1559 ¹⁰
809 1530 970 1590 inhibentes
994 1550 1098 1606 remos,
1119 1533 1203 1611 aegre

188 1631 205 1658 ¹¹
216 1629 340 1688 evellere
352 1647 453 1689 navem
466 1645 532 1705 quae
543 1625 681 1700 haerebat,
693 1631 863 1703 portumque
876 1626 971 1684 omnia
985 1626 1070 1684 simul
1083 1627 1231 1706 navigia.

186 1730 328 1802 repetunt.
384 1721 543 1784 Confestim
563 1721 630 1779 Rex
651 1720 796 1779 insecutus
819 1727 933 1797 portum
953 1721 1069 1799 quidem
1089 1723 1204 1783 intrare

186 1811 243 1880 nod
265 1818 371 1897 potuit,
394 1819 461 1876 edm
483 1815 582 1893 procul
602 1835 617 1874 e
638 1815 730 1874 muris
750 1803 909 1875 missilibus
933 1815 1203 1877 ¹¹submoveretur:
1285 1806 1286 1851 f

160 1927 273 1978 inanes
286 1921 382 1973 autem
396 1931 492 1972 omnes
506 1912 566 1970 ferd
580 1917 630 1970 aut
642 1911 751 1985 mersit,
766 1916 816 1968 ant
829 1902 912 1988 cepit
1171 1921 1175 1927 ·

13 2019 183 2092 [ΛΜ
251 2014 294 2070 18.
329 2008 425 2067 Biduo
447 2006 551 2065 deinde
578 2005 615 2065 ad
634 2005 762 2083 quietem
791 2004 860 2063 dato
878 2005 1030 2091 militibus,
1055 2008 1205 2088 jussisque
1285 1992 1286 1995 Ἴ

187 2113 218 2165 et
232 2104 351 2162 classem
375 2110 404 2161 et
425 2101 571 2160 machinas
592 2101 703 2181 pariter
722 2100 879 2174 admovere,
894 2107 927 2158 ut
947 2102 1073 2180 nudique
1088 2104 1266 2163 territis·-

188 2202 317 2275 instaret,
331 2200 392 2276 ipse
415 2199 445 2257 in
459 2183 627 2257 altissimam
648 2195 752 2255 turrim
773 2188 920 2274 ascendit3
944 2196 1082 2277 ¹¹ingenti
1096 2200 1202 2276 animo,
1286 2227 1287 2234 ¹

187 2294 313 2374 periculo
336 2296 460 2369 majore:
480 2293 585 2370 quippe
604 2292 714 2369 ¹¹regio
737 2291 852 2369 insigni,
866 2300 897 2360 et
917 2294 1003 2352 armis
1022 2294 1203 2373 fulgentibus
1238 2287 1287 2366 ,Α

189 2378 367 2467 cobspicnus,
387 2406 461 2445 nnus
484 2387 626 2464 praecipue
650 2387 717 2445 telis
739 2374 897 2464 petebatur,
918 2396 948 2453 et
971 2388 1060 2468 digna
1081 2394 1203 2467 prorsus
1286 2381 1287 2446 ἶ

20 2490 197 2573 ‘lm
189 2480 352 2564 spectaculo
376 2482 486 2543 edidit:
507 2482 613 2541 multos
627 2502 643 2541 e
656 2482 749 2541 muris
770 2491 982 2562 prdpugnantes
1000 2484 1086 2543 hasta
1108 2494 1203 2545 trane-
1285 2491 1287 2566 l

84 2610 99 2645 a
151 2616 159 2631 ·
189 2582 261 2656 fixit,
275 2578 411 2658 quosdam
432 2578 521 2636 etiam
543 2576 675 2635 cominus
695 2575 792 2655 gladio
807 2578 961 2655 clypeoque
981 2579 1118 2655 impulsos
1131 2594 1251 2659 prae-*⁸*

190 2675 339 2754 cipitavit:
360 2673 465 2751 qnippd
479 2671 578 2747 turris,
590 2690 626 2730 ex
638 2675 697 2749 qud
711 2671 874 2746 dimicabat,
888 2674 978 2731 muris
998 2673 1124 2733 hostium
1137 2683 1202 2753 pr'o·

188 2770 345 2851 pemodrim
367 2768 535 2827 cohaerebat.
577 2767 712 2845 Jamque,
738 2766 872 2826 ¹¹crebris
894 2768 1034 2829 arietibus
1062 2790 1224 2845 saxorum·

189 2873 323 2945 compage
345 2864 452 2938 matt,
476 2861 653 2921 munimenta
677 2862 846 2937 defecerant,
871 2868 901 2920 et
923 2862 1023 2921 classis
1042 2864 1203 2926 intraverat

25 2958 313 3050 ljsspfflportum,
341 2966 372 3017 et
398 2958 514 3036 quidam
537 2956 730 3043 Macedonum
743 2956 788 3049 ⁴in
810 2963 905 3015 turres
926 2956 1051 3016 hostium
1073 2959 1203 3022 desertas
1286 3027 1287 3032 ἵ

121 3088 125 3097 ·
190 3060 356 3113 evaserant:
377 3056 442 3109 cum
465 3050 557 3128 Tyrii,
571 3056 617 3108 tot
638 3049 724 3108 simul
745 3050 831 3109 malis
840 3050 921 3125 victi,
935 3050 989 3109 alii·
1009 3053 1150 3129 supplices
1172 3056 1244 3114 in·-
1286 3071 1287 3084 ¹

191 3147 300 3224 templa
323 3146 498 3223 confugiunt,
518 3144 568 3203 alii
591 3144 702 3203 foribus
723 3144 830 3220 aedium
857 3146 1005 3221 obseratis,
1035 3149 1204 3227 ¹¹occupant

191 3243 314 3341 liberum
339 3240 441 3298 mortis
468 3238 635 3315 arbitrium,
657 3219 901 3301 mnnnllsfufinu
924 3240 956 3297 in
979 3241 1100 3318 bostem,
1123 3244 1204 3305 haud

190 3337 283 3397 inulte
296 3343 394 3395 amen
405 3332 537 3411 perituri.
558 3382 561 3389 .
594 3332 704 3412 Magna
723 3348 790 3411 pass
811 3354 920 3393 summa
939 3343 1080 3395 tectorum
1095 3339 1204 3400 obtine·

26 3462 63 3540 4¹7¹
211 3439 250 3508 at,
283 3450 360 3505 sue,
394 3436 423 3487 et
456 3427 596 3508 quidquid
629 3413 853 3488 manibus'iors
886 3429 1013 3505 dederat,
1039 3431 1205 3510 ingerentes

115 3532 128 3549 “
156 3566 162 3573 -
192 3524 386 3588 subeuntibus.
429 3522 602 3597 Alexander,
618 3523 745 3600 exceptis
764 3523 814 3601 qui
835 3524 866 3580 in
885 3524 1205 3605 templaconfugerant,
1225 3534 1234 3567 '-
1284 3453 1287 3610 l

192 3641 289 3681 omnes
302 3618 431 3694 interfici,
445 3618 595 3707 ignequ
605 3618 690 3675 tectis
699 3618 778 3696 injici
790 3618 880 3694 jubet.
923 3618 981 3677 His
993 3639 1045 3696 per
1057 3640 1205 3695 praecones
1283 3629 1288 3744 p

191 3714 396 3794 pronunciatis,
412 3716 430 3743 ¹⁷
439 3732 522 3773 nemo
544 3712 640 3771 tamen
664 3720 792 3771 armatus
805 3734 886 3791 opem
900 3734 917 3771 a
930 3713 995 3772 Diis
1007 3722 1104 3791 petere
1118 3720 1220 3786 eusti2
1263 3764 1266 3769 .

191 3786 264 3869 duit.
305 3809 393 3869 Pueri
408 3806 590 3887 virginesque
611 3808 721 3885 templa
740 3808 970 3886 compleverant:
992 3809 1048 3867 viri
1068 3811 1099 3867 in
1118 3814 1205 3872 vesti·
1241 3815 1262 3835 ''

26 3896 261 4003 1111Μώ0
287 3922 401 3965 suarum
432 3904 551 3983 quisque
577 3902 683 3964 aedium
709 3903 831 3976 stabant,
857 3910 960 3979 parata
993 3903 1212 3987 ¹⁸seevientibns¹
