2592 4400
155 358 211 417 loa
496 376 641 423 oorurr
666 376 807 419 cuarrr

150 515 310 576 sulebatur.
362 515 432 574 Dux
454 514 623 575 Graecorum
644 517 772 576 militum
795 518 934 578 ¹⁸Patron
957 540 1038 579 mma
1060 540 1168 601 capere

149 630 218 669 suos
250 610 344 688 jubet,
377 618 550 689 paratosque
582 630 645 669 esse
678 611 715 669 sd
749 613 963 691 exsequendum
997 616 1164 693 imperium.

66 700 95 779 ·]
103 685 251 765 mersa
264 713 449 764 secesserant.
493 705 603 764 Bessus
616 726 682 764 cum
698 706 864 767 Bactrianis
877 716 948 783 erat,
970 713 1165 791 teutabstque

125 801 256 859 Persas
283 800 426 863 abducere
436 798 454 878 ς’
474 800 591 876 Bactra,
618 810 649 860 et
676 802 793 861 intactae
820 804 944 881 regionis
972 806 1162 883 opulentiam,

148 896 300 976 simulque,
315 917 381 975 quae
394 896 579 956 manentibus
589 897 738 971 instarent,
749 899 877 974 pericula
890 907 1046 959 ostentans.
1092 903 1161 962 Per-

148 1010 246 1050 sarum
257 992 386 1051 omnium
399 991 498 1050 eadem
513 993 576 1051 sere
597 992 654 1049 fuit
668 1011 734 1067 vox,
748 992 830 1051 nefas
850 1012 912 1052 esse
927 995 1022 1053 deseri
1036 996 1159 1074 Regem.

147 1086 230 1146 Inter
244 1088 306 1148 haec
320 1087 483 1147 Artabazus
497 1087 629 1147 omnibus
643 1088 837 1164 imperatoriis
857 1089 1033 1168 fungebatur
1047 1092 1156 1150 officiis.

70 1173 204 1281 ,ld-(Ille
227 1184 384 1242 Persarum
406 1182 592 1243 tabernacula
612 1182 773 1260 circumire,
795 1184 914 1257 hortari,
938 1204 1056 1245 monere
1081 1206 1158 1245 nunc

145 1278 284 1355 singulos,
306 1296 382 1336 nuno
405 1278 564 1351 universos,
586 1297 644 1335 non
667 1280 734 1335 antri
758 1278 881 1351 destitit,
895 1280 982 1358 quam
997 1281 1070 1339 satis
1092 1302 1155 1341 con-

145 1380 237 1431 staret
251 1374 391 1450 imperata
403 1374 539 1431 facturos.
581 1372 665 1431 Idem
677 1374 754 1451 segre
769 1394 786 1433 a
798 1374 886 1433 Dario
901 1376 1076 1452 impetravit,
1091 1379 1112 1407 ⁸⁰
1122 1386 1156 1436 ut

144 1468 242 1529 cibum
256 1475 381 1545 caperet,
395 1469 578 1547 animumque
592 1468 693 1545 Regis.
1079 1536 1087 1559 x

204 1562 243 1623 X.
264 1568 313 1622 2⁷.
336 1564 381 1621 At
402 1562 513 1621 Bessus
535 1570 566 1621 et
588 1563 782 1638 Nabarzanes,
805 1563 873 1623 olim
897 1566 1038 1642 agitatum
1060 1568 1153 1627 scelus

70 1658 264 1742 lqbexsequi
288 1665 431 1733 statuunt,
443 1659 525 1737 regni
548 1658 709 1736 cupiditate
728 1660 849 1719 accensi.
892 1660 980 1719 Dario
995 1668 1091 1720 autem
1111 1663 1150 1721 in·

144 1754 260 1830 columi,
283 1761 379 1813 tantas
401 1772 471 1831 opes
493 1772 609 1831 sperare
632 1771 690 1811 non
711 1760 853 1831 poterant.
905 1754 1019 1833 Quippe
1042 1756 1151 1817 inillis

143 1851 282 1931 gentibus
301 1850 416 1928 Regum
440 1849 566 1908 ¹eximia
587 1850 723 1924 majestas
742 1856 797 1907 est.
841 1850 889 1907 Ad
910 1869 1014 1908 nomen
1039 1854 1152 1931 quoque

144 1946 269 2007 Barbari
290 1946 473 2020 conveniunt,
497 1952 528 2001 st
550 1943 683 2021 pristinae
705 1944 852 2003 veneratio
874 1945 998 2005 fortunae
1022 1948 1150 2025 sequitur

143 2026 303 2102 adversam.
341 2041 472 2105 'Inflabat
489 2040 593 2116 impios
616 2040 728 2099 animos
742 2040 819 2118 regio
831 2041 877 2099 cui
897 2049 1050 2117 praeerant,
1064 2044 1151 2101 ermis

73 2130 162 2217 Jqs
142 2139 271 2218 virisque
298 2145 328 2195 et
356 2137 449 2215 spatio
475 2135 602 2194 locorum
631 2135 705 2194 nulli
733 2155 832 2193 earum
858 2137 990 2214 gentium
1017 2138 1148 2202 secunda

144 2233 276 2292 Tertiam
296 2241 409 2310 partem
425 2231 508 2290 Asiae
521 2238 609 2288 tenet.
654 2230 815 2290 Multitudo
835 2231 982 2309 juniorum
997 2234 1149 2306 exercitus,

142 2347 216 2407 quos
230 2328 366 2385 amiserat
379 2325 495 2399 Darius,
510 2326 651 2404 aequabat.
695 2325 800 2405 Itaque
813 2345 870 2385 non
890 2327 972 2385 illum
992 2329 1087 2404 modo,
1101 2328 1150 2388 sed

143 2424 232 2500 etiam
246 2421 448 2480 Alexandrum
472 2420 663 2498 spernebantq
688 2421 756 2480 inde
771 2423 847 2480 vires
861 2422 975 2498 imperii
988 2423 1149 2500 repetituri,

143 2521 170 2581 si
183 2520 194 2548 ¹
205 2517 332 2596 regionis
344 2515 433 2592 potiri
446 2517 623 2594 contigisset.
661 2517 722 2574 Diri
736 2518 867 2577 omnibus
879 2518 1025 2595 cogitatis,
1040 2519 1151 2596 placuit
1192 2529 1196 2536 '

75 2590 195 2694 dltpar
209 2612 316 2672 milites
330 2611 503 2670 Bactrianos
518 2611 555 2669 ad
570 2629 653 2669 omne
674 2612 843 2690 obsequium
864 2612 1024 2672 destinatos
1039 2614 1150 2693 Regem

143 2709 389 2788 comprehendere,
412 2707 546 2786 mittique
563 2707 702 2766 nuncium
725 2707 763 2765 ad
778 2707 986 2790 Alexandrum,
1003 2709 1058 2788 qui
1080 2709 1150 2769 indi·

143 2814 224 2866 caret
231 2807 331 2866 riuum
345 2801 488 2864 asservari
502 2821 586 2879 eum,
609 2803 643 2877 si,
659 2802 690 2860 id
701 2803 779 2881 quod
793 2803 942 2877 timebant,
956 2804 1149 2880 proditionem

143 2909 312 2983 aspernatus
333 2907 418 2977 esset,
440 2897 583 2958 ⁸occisuri
605 2896 736 2970 Darium,
758 2904 788 2954 et
810 2895 919 2955 Bactra
940 2917 1004 2956 oum
1034 2919 1150 2958 suarum

143 2998 382 3074 gentiummanu
410 2993 539 3071 petituri.
596 2991 743 3052 Caeterum
770 2991 921 3068 propalam
950 2994 1151 3070 comprehendi

72 3077 251 3148 wibertus
276 3107 336 3146 non
361 3095 490 3164 poterat,
517 3077 570 3144 tot
591 3087 749 3144 Persarum
774 3085 904 3146 millibus
931 3087 1035 3146 laturis
1069 3108 1151 3167 opem

144 3184 228 3263 Regi.
284 3182 452 3241 Graecorum
478 3200 593 3259 quoque
617 3181 689 3238 fides
716 3180 882 3240 timebatur.
944 3181 1058 3262 Itaque,
1075 3183 1151 3262 quod

143 3299 201 3338 non
215 3283 350 3356 poteraut
362 3277 402 3351 vi,
417 3276 520 3334 fraude
533 3275 648 3354 assequi
669 3282 792 3335 tentant.
836 3275 1042 3335 Paenitentiam
1063 3298 1151 3338 seces·

144 3374 232 3432 sionis
254 3370 391 3430 simulare
413 3370 608 3442 decreverant,
632 3377 662 3428 et
685 3389 823 3430 excusare
843 3372 919 3448 apud
944 3371 1055 3449 Regem
1070 3369 1151 3432 ⁴con·

143 3469 348 3527 sternationem
362 3485 452 3525 suam.

69 3569 137 3632 stro
203 3567 241 3622 28
256 3562 383 3622 Interim
396 3560 445 3638 qui
460 3559 565 3618 Persas
580 3559 972 3634 'sollicitarentmittuntua
1001 3561 1081 3619 Hinc
1094 3582 1151 3639 spe,

143 3656 211 3714 hinc
223 3665 303 3715 metu
314 3656 454 3714 militares
475 3655 584 3712 animos
598 3661 732 3712 versant:
754 3654 869 3713 “ruinae
888 3675 983 3713 rerum
1004 3655 1071 3714 illos
1091 3656 1152 3716 sub

144 3751 211 3810 dere
223 3752 334 3829 capita3
369 3751 401 3809 in
421 3750 576 3828 perniciem
588 3747 682 3807 trahi:
703 3752 766 3806 cim
787 3748 895 3808 Bactra
915 3756 1040 3826 pateant,
1055 3769 1152 3828 excep

145 3851 211 3904 tura
231 3864 282 3906 eos
304 3845 388 3907 bonis
409 3852 440 3904 et
460 3843 619 3922 opulentia,
632 3863 718 3920 quam
737 3843 839 3902 animis
853 3844 1001 3921 concipere
1021 3863 1079 3904 non
1091 3864 1154 3924 pos·
