2592 4400
162 342 223 399 232
509 356 648 408 oursrr
679 356 818 397 suurn

163 497 225 556 ”ut
238 496 356 555 taudem
374 497 525 560 exsatiatis
538 496 617 555 leudi
637 496 756 555 modum
770 496 887 570 soeret,
902 514 935 555 ae
955 496 1045 555 saluti
1059 514 1130 571 sues,
1146 496 1181 554 id

163 600 209 651 est
222 590 355 669 publicae,
368 599 509 669 parueret

221 691 270 747 21.
292 686 385 747 (irata
404 694 467 745 erat
490 686 567 765 Regi
581 686 700 763 ”pietus
720 685 885 745 amisorum.
926 684 1033 765 Itaque
1046 684 1179 764 singulos

161 782 335 841 familiarius
357 782 515 861 amplexus,
542 781 690 841 eonsidere
719 782 810 857 jubet,
839 782 857 809 ¹⁷
867 780 1013 859 altiusque
1047 800 1178 841 sermone

160 881 294 955 repetito,
321 876 444 937 “Vobis
463 876 610 957 quidem,''
636 874 739 956 inquit,
768 875 823 937 “O
843 875 977 935 fidissimi
996 875 1178 955 piissimique

162 972 270 1031 eiuinm
289 980 377 1052 atque
397 972 561 1047 umidarum,
576 979 675 1051 grates
697 990 760 1049 ugo,
774 971 930 1049 habeoque,
943 990 1001 1029 non
1025 972 1121 1031 solium
1142 992 1177 1031 eo

161 1069 286 1145 nomine,
309 1068 388 1149 qudd
411 1067 498 1127 bodie
522 1067 644 1127 sulutem
670 1086 763 1125 meam
789 1074 893 1127 vestrm
920 1068 1095 1143 praepenitis,
1124 1068 1178 1127 sed

161 1164 238 1243 qudd
252 1184 270 1223 a
282 1163 449 1241 primordiis
469 1162 550 1237 belli,
563 1161 676 1221 nullum
696 1180 765 1241 erga
786 1180 832 1219 me
852 1161 1057 1222 benevolentiae
1070 1162 1178 1241 pignus

161 1266 247 1337 atque
269 1258 409 1317 indicium
422 1258 579 1318 omisistis:
599 1258 673 1316 adeo
695 1264 729 1315 ut
753 1257 946 1316 confitendum
966 1258 1013 1331 sit,
1027 1258 1179 1337 nunqusim

160 1354 233 1413 milri
254 1354 345 1413 vitam
366 1372 458 1412 meam
483 1353 575 1413 fuisso
601 1359 663 1412 tam
689 1370 792 1428 earam,
819 1354 907 1431 quim
934 1370 997 1410 esse
1024 1352 1120 1430 eoepit,
1143 1358 1179 1411 ut

159 1448 244 1509 vobis
265 1447 318 1507 diu
340 1448 399 1507 frui
422 1448 536 1525 possim.
578 1447 751 1509 ''Caeterbm
774 1466 831 1507 non
853 1447 953 1505 eadem
974 1453 1020 1506 est
1039 1448 1179 1526 cogitatio

160 1562 268 1618 eorum,
291 1544 342 1621 qui
364 1562 417 1621 pro
436 1563 483 1601 me
507 1543 581 1603 mori
603 1550 714 1621 optant,
738 1549 767 1601 et
789 1562 870 1619 mes,
891 1542 943 1621 qni
964 1542 1179 1620 quidemlhano

160 1638 389 1698 benevolentiam
402 1645 526 1698 vestrm
539 1638 649 1697 uirtute
662 1637 801 1697 meruisse
821 1656 866 1696 me
876 1638 983 1714 judieo.
1025 1638 1087 1697 Vos
1098 1639 1179 1697 enim

160 1734 329 1793 diuturnum
351 1734 478 1792 fructum
499 1753 537 1792 ex
559 1752 613 1808 me,
635 1733 758 1791 forsitan
780 1733 869 1791 etiem
892 1739 1071 1811 perpetuum,
1085 1734 1179 1811 perei-

159 1849 227 1908 pere
249 1829 364 1907 cupitis.
407 1829 471 1909 ugo
493 1848 540 1887 me
563 1828 667 1887 metior
680 1846 738 1886 non
758 1829 853 1887 aetatis
873 1828 975 1905 spatio,
990 1828 1041 1887 sed
1064 1828 1177 1908 gloriae.

160 1922 261 1983 Licuit
281 1924 409 2003 paternis
432 1925 535 2001 opibus
559 1926 721 1983 ”eontento
742 1922 819 1982 intra
841 1923 1018 1983 Moeedonioe
1038 1926 1179 1985 terminos

158 2038 210 2095 por
223 2019 315 2078 otium
335 2018 464 2097 eorporis
483 2026 649 2096 exspeotare
663 2018 813 2077 obscuram
833 2025 862 2076 et
876 2018 1032 2098 ignobilem
1045 2028 1179 2079 senectu-

159 2120 227 2173 tem.
269 2115 290 2142 ²⁰
300 2112 470 2192 Quanquam
493 2133 529 2171 ne
552 2111 628 2191 pigri
641 2112 759 2191 quidem
773 2112 831 2171 sibi
854 2113 916 2171 fata
929 2112 1102 2191 disponunt3
1125 2115 1179 2174 sed

158 2209 274 2268 unicum
303 2209 410 2268 bouum
440 2209 605 2267 diuturnam
632 2209 723 2266 vitam
757 2208 935 2268 aestimantes
969 2210 1045 2286 saepis
1073 2211 1179 2271 aaerba
1280 2229 1281 2234 ’

158 2321 237 2362 mors
260 2311 389 2380 oeenpnt.
442 2304 555 2363 Verum
575 2323 639 2383 ege,
666 2304 716 2382 qui
745 2323 802 2362 non
822 2323 911 2362 annos
931 2324 1017 2380 meos,
1046 2307 1097 2364 sed
1118 2308 1178 2366 vie·

159 2395 250 2455 turias
262 2416 388 2471 numero,
403 2398 428 2456 si
441 2417 557 2456 munera
568 2399 694 2457 fortunae
707 2398 779 2460 bend
795 2408 938 2476 computo,
954 2399 1003 2459 diu
1016 2399 1106 2460 vixi’'

219 2494 237 2524 “
249 2490 343 2551 Orsus
356 2511 375 2548 a
389 2490 560 2550 Macedonit
584 2493 735 2570 imperium
759 2491 880 2554 Graeeiae
894 2501 995 2572 teneo,
1018 2495 1176 2556 Thraciam

158 2592 190 2643 ot
212 2583 330 2663 Illyrios
351 2585 467 2665 subegi,
490 2585 637 2662 Triballis,
660 2587 810 2666 Medisque
834 2588 959 2666 imper03
985 2589 1095 2666 Asiam,
1115 2594 1176 2670 qut

160 2679 360 2759 Hellesponto,
386 2684 445 2760 qud
471 2681 559 2741 rubro
591 2683 665 2740 mari
699 2683 827 2757 alluitur,
857 2684 995 2761 possideo.
1047 2684 1175 2766 Jamque
1279 2675 1280 2678 ¹

157 2775 237 2836 band
249 2777 349 2855 procul
362 2777 462 2837 absum
475 2797 493 2834 a
504 2778 560 2836 line
572 2777 681 2836 mundi.
733 2776 825 2848 Quem
839 2797 979 2857 egressus,
993 2778 1079 2837 aliam
1092 2789 1175 2840 netu·

158 2891 229 2947 ram,
254 2873 342 2932 alium
365 2873 464 2934 orbem
487 2872 598 2950 aperire
620 2872 693 2931 mihi
717 2873 814 2933 statui.
866 2875 885 2903 ¹¹
898 2874 946 2934 ux
966 2874 1041 2934 Asis
1061 2875 1093 2934 in
1115 2876 1175 2936 Eu·

159 2985 237 3044 ropae
250 2969 388 3028 terminos
408 2976 550 3027 momento
571 2969 658 3027 unius
679 2967 759 3028 borae
772 2969 902 3030 transivi.
944 2970 1047 3030 Victor
1067 2972 1174 3032 utrius·

157 3078 215 3138 qne
238 3062 365 3139 regionis
388 3068 454 3139 post
476 3082 582 3121 nonum
604 3063 686 3143 regni
710 3063 775 3138 mei,
802 3071 867 3141 post
890 3064 1059 3141 vigesimum
1087 3073 1173 3145 atque

160 3161 290 3213 octavum
309 3156 408 3214 estatis
428 3175 544 3232 annum,
558 3158 725 3217 ”videorne
744 3158 827 3219 vobis
847 3159 878 3218 iu
898 3159 1056 3218 excolenda
1068 3160 1172 3240 glorie,
1277 3197 1278 3204 ι

158 3249 205 3308 eni
226 3269 273 3309 me
296 3250 347 3307 uni
371 3249 484 3325 devovi,
499 3270 583 3328 posse
606 3252 742 3312 cessare?
783 3253 847 3332 Ego
860 3256 927 3314 verb
948 3273 1005 3313 non
1027 3255 1123 3333 deero,
1144 3264 1175 3315 et

158 3345 329 3423 ubicumque
350 3345 493 3424 pugnabo,
515 3347 547 3404 in
568 3347 684 3406 theatro
707 3355 851 3407 terrarum
866 3349 943 3409 orbis
963 3369 1025 3408 esse
1045 3369 1092 3409 me
1114 3371 1173 3410 ore·

157 3440 232 3499 dem
273 3439 355 3500 Dabo
375 3440 558 3501 nobilitatem
579 3443 755 3522 ignobilibus
777 3444 855 3504 loeis.
898 3444 1037 3522 Aperiam
1061 3446 1173 3505 eunetis

156 3535 290 3612 gentibus
303 3544 406 3612 terras,
419 3556 492 3615 quas
505 3546 610 3597 natura
623 3537 708 3617 longe
724 3538 913 3598 submoverat
956 3539 1005 3598 ·In
1018 3538 1065 3597 his
1080 3542 1172 3618 operi·

156 3629 211 3688 bus
223 3631 356 3711 extingui
376 3633 447 3692 mihi
462 3633 499 3709 (si
514 3652 576 3692 sors
589 3635 632 3693 ita
652 3634 738 3711 feret)
753 3633 904 3710 pulchrum
917 3643 970 3694 est.
1013 3634 1060 3692 Ea
1077 3637 1171 3714 stirpe

155 3741 220 3781 sum
242 3727 368 3804 genitus,
381 3734 417 3786 ut
429 3727 579 3787 ”multam
601 3729 681 3806 prius
700 3731 788 3807 quim
810 3729 924 3808 longam
936 3729 1029 3798 vitam
1049 3729 1170 3793 debeam

158 3822 285 3896 optare.”
