2592 4400
379 428 505 494 urana
533 429 627 469 vm.
658 430 742 469 car.
773 430 796 469 1.
1045 414 1100 471 177

80 564 261 644 ‘regnavit,]
273 566 424 643 proximus
432 557 607 641 Alexandro,
617 568 790 628 venabulum
799 568 921 645 obJ'icero
933 568 1003 629 fara
1011 588 1099 646 coepe·

81 665 137 719 rat
181 658 246 729 Quo
267 660 334 719 Rex
354 662 479 738 repulso,
494 668 525 719 et
546 660 627 721 abire
648 664 737 737 jusso,
756 662 870 739 adjecit,
885 670 945 721 tam
968 682 985 721 a
1007 670 1099 722 semet

81 772 151 828 uuo,
163 757 253 832 quem
272 774 291 811 a
310 754 490 832 Lysimacho,
503 755 617 813 leonem
636 755 757 815 interfici
778 776 870 833 posse.
912 756 1098 835 Lysimachus

79 848 161 907 enim
173 848 344 927 ⁷quondam,
358 851 426 906 crim
437 859 591 909 venaretur
603 849 635 932 in
656 849 751 927 Syrih,
764 850 909 909 occiderat
921 850 1037 929 quidem
1050 870 1097 909 ex·
1136 860 1141 869 '

80 942 162 1001 imiae
173 942 385 1021 magnitudinis
397 944 488 1001 feram
502 944 589 1018 solus,
603 944 655 1003 sed
669 944 742 1003 laevo
756 944 872 1003 humero
882 964 972 1023 usque
986 944 1023 1003 ad
1033 960 1098 1004 ossa

79 1036 225 1094 laceratus
247 1035 285 1093 ad
307 1035 444 1095 ultimum
463 1036 584 1114 periculi
603 1044 778 1113 pervenerat
798 1056 801 1063 ’
821 1037 975 1114 ‘’Idipsum
998 1056 1096 1115 expro-

79 1131 169 1189 brans
182 1130 211 1188 ei
224 1130 300 1205 Rex,
313 1131 422 1189 sortita
434 1133 522 1209 quam
535 1131 650 1190 locutus
663 1128 716 1207 eal,
729 1132 807 1191 fecit.
849 1131 879 1189 N
881 1151 926 1191 arn
936 1132 1026 1191 ieram
1039 1150 1097 1190 non

80 1225 195 1301 excepit
206 1224 302 1300 modd,
316 1224 368 1282 sed
388 1225 477 1283 etiam
496 1243 554 1283 uno
573 1226 694 1284 vulnera
713 1224 827 1286 occidit.
868 1223 1019 1301 Fabulam,
1033 1244 1100 1303 quae

80 1320 229 1394 objectum
250 1319 327 1378 leoni
348 1339 366 1378 a
385 1319 466 1398 Rege
474 1307 684 1397 Lvsimachum
704 1321 828 1379 ⁹temerii
849 1319 989 1401 vulgavit,
1004 1319 1041 1379 ab
1062 1338 1097 1379 eo

80 1433 152 1473 casu
164 1413 261 1491 (quem
274 1414 516 1493 supradiximus)
530 1421 623 1475 ortam
642 1433 704 1474 esse
725 1414 903 1475 crediderim
947 1414 1096 1476 antentm

79 1508 264 1583 Macedones,
278 1529 440 1588 quanquam
452 1528 588 1587 prospero
602 1516 708 1569 eventu
727 1509 879 1569 defunctus
893 1516 955 1569 erat
969 1510 1095 1568 Alexan-

79 1604 144 1679 der,
169 1611 267 1663 mareu
280 1604 419 1664 1⁰scindre
439 1604 533 1683 gentis
555 1623 617 1665 suae
636 1624 725 1680 more,
739 1624 775 1663 ne
797 1604 912 1681 1¹pedes
932 1612 1095 1679 venaretur,

78 1706 133 1758 aut
146 1699 211 1758 sine
224 1698 342 1758 delectis
355 1699 525 1777 principum,
539 1700 759 1779 amicorumque.
801 1700 858 1759 Ille
871 1707 997 1779 quatuor
1010 1699 1095 1757 milli·

77 1795 136 1854 bus
148 1795 277 1853 ferarum
289 1794 417 1870 dejectis,
431 1795 463 1853 iu
476 1794 577 1853 eodem
590 1794 668 1853 saltu
688 1812 753 1853 cum
774 1801 837 1853 toto
858 1794 987 1853 exercitu
1001 1794 1095 1871 epula·

78 1898 129 1949 tus
141 1895 195 1949 aaa

139 1990 167 2045 3.
189 1983 263 2043 Inde
273 1984 449 2043 Maracanda
460 1983 586 2060 reditum
598 1989 661 2043 ast:
686 1986 858 2062 acceptaque
871 1982 967 2042 aetatis
981 2002 1095 2045 excusa·

78 2082 158 2139 tione
172 2080 209 2140 ab
223 2080 378 2153 Artabano,
391 2079 568 2158 provinciam
587 2080 652 2154 ejus
672 2077 799 2137 destinat
819 2076 905 2138 Olito.
927 2136 931 2143 ,
947 2077 1006 2137 Hic
1020 2084 1092 2153 erat,

77 2176 129 2256 qai
145 2174 225 2252 apud
249 2174 405 2235 Granicum
424 2193 536 2234 amnem
556 2174 635 2234 nudo
659 2173 753 2250 capite
777 2172 887 2253 Regem
911 2172 1096 2232 dimicantem

78 2273 181 2349 clypeo
193 2289 246 2329 suo
259 2269 343 2344 texit,
357 2276 388 2328 et
400 2269 545 2329 Rhosacis
557 2289 674 2327 manum
687 2267 776 2345 capiti
796 2267 888 2346 Regis
901 2267 1095 2327 imminentem

78 2365 179 2444 gladio
204 2364 384 2442 amputavit;
415 2370 500 2424 vetus
526 2364 657 2441 Philippi
682 2363 775 2438 miles,
801 2363 957 2442 multisque
983 2363 1095 2424 bellicis

79 2459 218 2537 operibus
231 2459 333 2520 clarus.
369 2459 530 2533 Hellanice,
540 2478 606 2536 quae
613 2458 812 2517 Alexandrum
823 2458 1001 2532 educaverat,
1016 2477 1095 2517 soror

77 2558 151 2632 ejus,
172 2554 250 2612 haud
272 2572 355 2614 secus
375 2557 463 2632 quam
485 2561 620 2612 matera
642 2553 724 2632 Rege
746 2552 926 2632 diligebatur.
969 2552 1016 2613 Ob
1042 2553 1094 2612 has

76 2669 180 2710 causas
192 2649 400 2710 validissimam
419 2649 533 2726 imperii
552 2656 664 2726 partem
683 2648 750 2708 fidei
770 2650 832 2724 ejus
852 2647 1007 2725 tutelaque
1021 2665 1094 2706 com·

76 2746 169 2805 misit
212 2744 338 2824 Jamque
355 2745 411 2804 iter
435 2764 537 2822 parare
551 2745 609 2802 ¹²in
632 2751 779 2822 posterum
793 2744 909 2818 -jussus,
925 2740 1042 2800 solemni
1063 2747 1094 2799 et

76 2841 252 2920 tempestivo
272 2841 425 2902 adhibetur
443 2841 581 2902 convivio.
601 2897 604 2902 ,
624 2841 661 2900 In
674 2860 731 2921 quo
751 2840 817 2899 Rex
837 2859 901 2898 oum
915 2839 1033 2898 ¹²mu1c0
1052 2840 1093 2898 in·

76 2937 217 2996 caluisset
229 2954 316 3011 mero,
329 2935 498 2996 immodicus
512 2936 672 2996 aetimator
692 2940 748 3010 sut,
762 2935 908 2994 celebrare
923 2953 988 3012 quaa
1001 2953 1092 3012 gesse·

77 3040 133 3106 rat,
146 3031 248 3108 coepit3
272 3031 395 3110 ¹⁴gravis
415 3031 503 3090 etiam
522 3051 621 3090 eornm
639 3031 767 3104 auribus,
780 3030 830 3108 qui
851 3028 1012 3090 sentiebant
1025 3049 1094 3089 vera

77 3127 239 3188 memorari
281 3126 435 3186 Silentium
453 3133 551 3185 tamon
563 3126 690 3187 habuere
709 3125 844 3201 seniores,
860 3124 948 3184 doneo
962 3125 1092 3204 Philippi

77 3243 124 3284 res
137 3241 222 3282 orsus
237 3221 401 3297 ¹?obtorero,
414 3221 540 3282 nobilem
554 3222 630 3300 apud
652 3220 837 3280 Chaeroneam
854 3220 1003 3282 victoriam
1017 3222 1037 3250 ¹⁸
1045 3221 1092 3282 aui

77 3319 175 3396 operia
188 3317 278 3376 fuisse
294 3317 426 3394 jactavit,
440 3317 658 3396 ademptamque
673 3316 729 3378 sibi
741 3315 923 3396 malignitate
937 3325 967 3376 et
980 3317 1091 3376 invidia

78 3413 175 3492 patris
189 3418 279 3484 tantia
290 3411 334 3470 rei
347 3411 477 3491 gloriam.
520 3411 739 3489 Illum⁵quidem
753 3410 893 3470 seditione
906 3412 982 3470 inter
997 3411 1091 3470 Mace-

78 3509 168 3567 donas
190 3506 299 3566 milites
321 3513 351 3565 et
373 3506 491 3568 Grmcos
518 3506 708 3566 mercenarios
731 3509 803 3581 aaa,
826 3506 1008 3566 debilitatum
1030 3503 1091 3562 vul·

78 3623 156 3677 nere,
176 3601 255 3681 quod
277 3601 309 3659 in
331 3605 366 3660 ot
390 3601 618 3662 consternatione
641 3609 799 3678 acceperat,
825 3602 844 3629 ¹⁷
850 3599 984 3676 jacuisse,
1008 3597 1092 3656 ¹⁸uon

79 3698 154 3758 ulida
165 3699 256 3776 quam
278 3695 459 3755 simulatione
476 3696 578 3754 mortis
597 3695 754 3754 tutiorem:
775 3713 804 3754 se
823 3711 927 3771 corpus
947 3693 1009 3768 ejas
1029 3711 1092 3769 pro·

80 3794 188 3853 texisse
201 3791 302 3870 clypeo
315 3809 377 3865 suo,
390 3799 562 3869 ruentesque
575 3790 606 3848 in
615 3791 700 3850 illum
711 3794 763 3848 sut
771 3808 859 3847 ¹manu
871 3786 986 3847 occisos
1018 3785 1092 3856 Qua

81 3892 192 3966 patrem
204 3905 353 3964 nunquam
368 3888 387 3915 ¹·
399 3905 482 3966 aequo
495 3885 591 3944 animo
604 3903 666 3944 esse
686 3884 855 3958 confessum,
869 3883 888 3912 ⁹⁰
896 3882 1020 3942 invitum
1032 3881 1093 3942 filio

285 3982 321 4040 80
