2592 4400
456 382 832 423 n1nnn1v.crr.r.
984 384 986 386 ’
1110 364 1149 423 59
1254 444 1258 451 ἢ

138 519 273 599 quendem
294 519 410 579 incusso
422 527 474 580 est.
517 519 583 580 Diis
597 521 698 580 invitis
720 521 751 580 in
771 521 890 581 ultimas
911 528 1003 581 terras
1024 519 1102 580 trahi
1121 539 1152 581 se

139 615 342 694 querebantur.
385 615 455 675 Jam
476 635 529 674 nec
549 616 666 674 flumine
678 636 760 694 posse
780 617 864 693 adiri,
876 635 930 675 nec
948 618 1044 676 sidere
1056 616 1151 695 pristi-

29 703 210 799 jlaefnum
223 719 360 788 praestare
372 712 521 790 fulgorem
565 710 673 770 Vestes
693 718 795 786 terres,
809 713 1040 830 deserta(omnjn
1058 731 1152 770 occur·

140 823 223 864 rere:
246 802 417 885 ‘ieiunius
429 805 553 865 hominis
564 791 771 882 ijnctationeml
780 813 826 864 tot
845 807 968 864 millium
987 807 1153 886 sangninem

136 899 288 977 impendi:
309 901 427 960 fastidio
449 919 510 960 esse
531 901 665 978 patriam,
689 900 817 961 abdicari
839 892 1009 979 Philippiim
1034 910 1153 980 petrem,

140 996 244 1067 eoelum
257 997 338 1056 vanis
360 996 582 1076 cogitationibus
604 998 672 1075 peti.
714 996 785 1056 Jarn
806 1017 895 1074 prope
919 997 1087 1056 seditionem
1107 1015 1153 1055 res

140 1093 301 1166 eratenim
324 1091 361 1150 ed
384 1092 479 1150 omnia
502 1092 660 1166 interritus,
682 1093 777 1168 duces,
800 1092 997 1170 principesque
1019 1091 1152 1166 militnm,

23 1175 304 1288 Jbffirequentes
324 1187 425 1246 adesse
443 1187 597 1264 praetor103
621 1188 834 1266 AEgyptiosque
847 1194 929 1247 vates
942 1205 1013 1266 quos
1035 1186 1100 1245 coeli
1119 1206 1153 1245 ac

140 1281 267 1341 siderum
300 1282 490 1359 peritissimos
524 1301 586 1341 esse
613 1282 761 1358 credebat,
782 1283 852 1362 quid
882 1283 1029 1358 sentirent,
1055 1301 1154 1359 expro-

139 1395 218 1434 mere
237 1377 327 1453 jubet.
368 1377 486 1470 'W’
501 1377 550 1456 qui
571 1378 641 1436 satis
663 1378 779 1453 scirent,
801 1379 980 1455 ‘temporum
999 1378 1082 1438 orbes
1102 1377 1154 1435 im-

139 1471 219 1550 plere
243 1471 400 1532 destinatas
420 1472 505 1548 vices,
532 1473 700 1551 Lunamque
727 1473 855 1548 delicere,
875 1475 943 1531 orlm
970 1479 1022 1531 aut
1046 1480 1155 1532 terram
1190 1545 1199 1562 ι

140 1567 260 1642 subiret,
275 1573 326 1624 aut
340 1567 406 1628 Sole
423 1575 610 1645 promeretur,
625 1569 767 1627 rationem
780 1568 896 1648 quidem
909 1567 980 1645 ipsis
993 1575 1155 1645 perceptam
1183 1583 1193 1648 g
1216 1625 1219 1631 .

40 1649 198 1752 sefion
220 1662 359 1722 “edocent
379 1663 501 1742 vulgns3
524 1665 660 1723 eaeterrlm
683 1664 832 1740 affirmant,
856 1663 952 1724 Solem
978 1663 1154 1738 craecorum,

141 1758 255 1817 Lunam
268 1777 329 1818 esse
351 1759 521 1835 Persarum3
544 1759 658 1838 quoties
679 1759 729 1817 illa
750 1759 998 1834 deterrerentur
1019 1766 1152 1836 stragem·

140 1870 198 1929 que
222 1851 281 1909 illis
302 1851 436 1930 gentibus
457 1851 597 1929 portendi.
640 1850 805 1930 Veteraqus
832 1851 963 1929 exemplu
988 1844 1157 1928 percensent

141 1947 276 2028 Persidis
299 1947 423 2026 Regum,
447 1967 519 2024 quos
543 1947 674 2006 adversis
695 1946 762 2005 Diis
783 1940 924 2024 pugntsse
947 1946 1038 2005 Lnnae
1063 1954 1156 2004 osten·

141 2042 234 2101 disset
262 2041 393 2118 defectio.
449 2041 542 2102 Nulla
575 2061 621 2102 res
654 2041 798 2100 efficacius
830 2040 1046 2100 multitudinem
1071 2041 1193 2121 regit,

57 2117 229 2229 qquuam
256 2136 441 2215 superstitio:
476 2137 585 2217 alioqui
611 2137 780 2216 'impotens
809 2155 894 2212 saeva,
921 2135 1079 2213 mutabilis,
1105 2137 1157 2198 ubi

141 2236 218 2291 vane
241 2232 379 2310 religione
401 2238 484 2309 cepte
506 2239 558 2307 est,
579 2233 685 2293 melirls
704 2233 828 2308 vatibus,
849 2234 937 2311 quim
957 2233 1077 2293 ducibus
1097 2234 1158 2292 suis

141 2334 233 2405 paret.
275 2326 371 2405 Igitur
384 2328 463 2385 edita
483 2327 514 2385 in
527 2328 631 2407 vulgus
640 2328 848 2407 AEgyptiorum
860 2346 996 2406 responsa
1008 2330 1110 2388 rursus
1119 2327 1158 2386 ed

142 2442 224 2500 spem
237 2429 266 2480 ct
278 2422 411 2481 fiduciam
425 2426 542 2482 erexere
557 2430 725 2501 torpentes.-

182 2500 191 2525 ⁷
206 2519 252 2575 40.
272 2518 339 2586 Rex
352 2517 461 2595 impetu
475 2517 635 2577 animorum
656 2518 795 2577 utendum
815 2525 905 2593 ratus,
919 2518 1043 2577 secundi
1055 2518 1158 2598 vigilis
1179 2510 1188 2543 ‘¹

63 2610 241 2715 qasc‘astre
253 2613 352 2670 movit.
395 2610 525 2669 ⁸Dentre
547 2611 659 2689 Tigrim
680 2611 813 2686 habebat,
827 2631 844 2670 a
857 2612 933 2671 leve
946 2620 1066 2687 montes,
1086 2632 1159 2691 qnos

151 2706 292 2765 Gmdaeos
313 2711 424 2765 vocant.
467 2705 531 2763 Hoc
552 2705 682 2785 ingresso
703 2707 769 2780 iter,
792 2706 990 2783 speculatores,
1017 2706 1068 2784 qni
1087 2726 1158 2784 prae·

143 2798 227 2859 missi
241 2805 333 2873 erant,
347 2798 401 2858 sub
422 2798 494 2857 lucis
508 2805 609 2873 ortum,
624 2799 746 2857 Darium
766 2800 920 2859 adventare
941 2799 1156 2859 nunciaverunt.

144 2893 293 2975 Instructo
307 2893 396 2971 igitur
410 2894 511 2967 milite,
527 2900 556 2951 et
569 2894 726 2971 composito
740 2893 852 2973 agmine
865 2892 1059 2953 antecedebat.
1102 2894 1159 2954 Sed

144 2988 300 3047 Persarum
321 2987 513 3065 exploratores
533 2996 614 3047 erant
634 2989 715 3047 mille
734 2990 835 3063 ferme,
856 2988 908 3067 qni
927 2988 1050 3066 ¹speciem
1062 2989 1159 3069 magni
1174 2992 1208 3028 ‘··

27 3080 131 3183 We!
144 3080 270 3160 agminis
291 3081 434 3157 fecerant3
465 3082 571 3160 quippe
597 3082 650 3141 ubi
676 3081 821 3159 explorari
847 3101 915 3141 vern
940 3102 998 3141 non
1030 3089 1158 3161 possunt,

144 3175 221 3235 falsa
241 3194 293 3251 per
318 3182 428 3233 metum
452 3184 598 3254 augentur.
640 3176 700 3235 His
722 3176 854 3255 cognitis,
881 3177 948 3235 Iter
971 3196 1036 3235 cum
1060 3176 1158 3255 paucis

145 3289 264 3329 snorum
278 3276 431 3339 ,essecutus
454 3290 558 3349 agmen
579 3270 783 3348 refugientium
803 3271 841 3329 ad
863 3290 939 3346 snos,
954 3271 1027 3329 elios
1045 3271 1157 3346 cecidit,

145 3364 219 3439 ulios
239 3364 329 3441 cepit3
351 3365 517 3444 equitesque
538 3364 678 3443 praemisit
697 3366 981 3442 speculotnm,simnl
999 3372 1033 3423 ut
1052 3364 1157 3443 ignem,

165 3480 202 3518 uo
215 3459 339 3520 Barbari
353 3466 545 3519 cremaverant
557 3461 643 3535 vicos,
655 3460 878 3540 extinguerentr
895 3459 1000 3538 quippe
1013 3459 1158 3537 fugientes
1196 3486 1225 3513 υ

38 3536 99 3633 ql
146 3557 254 3634 raptim
280 3554 365 3613 tectis
390 3556 555 3633 acervisque
582 3555 720 3614 frumenti
747 3555 906 3632 injecerunt
931 3555 1067 3629 flammas,
1094 3572 1159 3631 quae

124 3616 214 3709 'eum
228 3650 259 3707 in
273 3667 381 3711 summo
403 3649 562 3726 haesissent,
578 3650 615 3709 ed
634 3650 771 3710 inferiora
783 3650 911 3709 nondrlm
929 3656 1156 3727 penetraverent.

146 3744 287 3805 Extincto
300 3745 391 3824 igitur
413 3746 488 3824 igne,
501 3746 660 3822 plurimum
681 3746 820 3804 frumenti
832 3751 978 3822 repertum
992 3751 1052 3821 est3
1074 3744 1157 3821 cepit

146 3840 268 3900 aliorum
281 3859 392 3919 qnoque
404 3859 501 3899 rerum
514 3839 661 3900 abundare
674 3846 828 3918 coeperunt.
877 3838 923 3897 Ea
936 3858 983 3899 res
995 3839 1059 3915 ipsc
1070 3838 1158 3899 militi
