2592 4400
186 439 243 497 122
529 452 668 505 oursrr
699 452 837 494 cnarrr

182 593 278 671 οἰκος
299 590 417 673 dignuin
429 610 466 651 ex
478 594 537 672 qut
550 590 612 670 ipae
624 590 708 672 regni
721 598 870 671 generaret
889 590 1027 652 haeredes.
1093 592 1199 653 lloemi·
1272 657 1274 677 Ι

182 686 245 746 nini
259 689 278 717 ¹·
287 692 377 747 aexrts
390 706 421 747 se
436 689 454 717 ¹¹
463 694 650 761 retenturam,
664 706 771 746 marem
785 686 962 746 reddituram
976 686 1064 765 patri.
1112 688 1201 748 Alex·

184 782 281 857 ander,
295 802 332 842 an
345 802 411 841 cum
424 782 488 861 ipsc
499 782 627 841 militare
639 782 736 857 uellet,
751 782 928 861 interrogat3
952 790 982 840 et
1001 782 1062 857 illa,
1078 792 1203 842 causata
1280 818 1281 823 κ

183 877 245 936 aine
257 876 377 937 custode
389 896 508 957 regnum
521 877 680 955 reliquisse,
693 884 790 954 petere
810 877 1009 954 perseverabat
1029 896 1066 936 ne
1081 898 1117 936 se
1134 878 1153 907 ¹²
1166 878 1203 935 ir·
1277 899 1278 908 ¹

176 973 269 1031 ritum
282 972 343 1049 spei
356 978 503 1051 pateretur
515 971 601 1031 abire.
633 970 939 1031 Acriorstenerem
948 971 1074 1031 foeminae
1084 971 1203 1050 cupido,
1277 976 1278 999 ³

181 1070 270 1147 qnam
283 1067 383 1147 Regis,
397 1074 432 1125 ut
444 1084 551 1144 paucos
570 1066 632 1125 dies
653 1066 829 1143 subsisteret,
844 1066 979 1145 perpulit.
1031 1066 1123 1126 XIII
1138 1066 1204 1124 dies

181 1162 213 1220 in
226 1162 394 1243 obsequium
407 1160 545 1221 desiderii
558 1163 622 1239 ejus
634 1160 779 1240 absumpti
792 1168 866 1222 sunt
909 1160 984 1221 Tum
1004 1160 1056 1220 illa
1076 1180 1204 1241 regnum

182 1274 276 1330 auum,
290 1256 357 1316 Rex
377 1256 572 1331 Parthienen,
586 1256 759 1334 petiverunt

242 1350 299 1411 VI.
324 1354 368 1412 14.
390 1350 451 1411 Hic
470 1354 539 1412 rard
560 1352 659 1431 paitru
674 1350 865 1429 ¹cnpiditates
889 1370 956 1411 suas
978 1350 1084 1412 solvit:
1107 1352 1205 1412 conti·

181 1446 364 1527 nentiamque
387 1455 418 1507 et
440 1448 673 1526 moderationem,
697 1449 747 1508 'in
773 1448 914 1508 altissima
937 1454 1050 1529 quaque
1077 1450 1205 1511 fortuna

182 1542 337 1603 eminentia
359 1542 443 1618 bona,
457 1544 487 1602 in
510 1544 677 1621 superbiam
700 1562 734 1603 ac
756 1542 903 1604 lusciniam
925 1545 1022 1629 periit
1078 1546 1205 1605 Patrios

180 1657 277 1699 mores
290 1638 529 1718 disciplinamque
543 1638 732 1698 Macedonum
752 1638 866 1718 Regum
881 1638 1036 1699 salubriter
1057 1647 1205 1719 tempera-

183 1742 252 1808 tam,
267 1740 297 1792 et
310 1733 443 1793 ’civilem
463 1732 602 1809 habitum,
615 1733 696 1794 velut
716 1732 823 1800 leviora
843 1734 1044 1811 magnitudine
1069 1740 1124 1795 sut
1151 1737 1204 1794 du-

182 1850 260 1906 cens,
274 1828 401 1889 Persicae
413 1828 502 1908 regiae
521 1848 574 1905 par
586 1828 713 1887 Deorum
726 1828 864 1906 potentiae
876 1828 1025 1907 fastigium
1045 1831 1204 1891 &mulabu-

183 1933 240 1988 tur.
272 1925 377 1985 Iacere
388 1924 470 1983 humi
479 1922 697 1983 venerabundos
711 1924 805 2001 ipsum
819 1924 880 2001 pati
893 1924 1203 2007 coepit,paulat1mque

182 2022 357 2081 ‘servilibus
369 2019 538 2079 ministeriis
549 2026 594 2077 tot
604 2019 728 2078 victores
741 2019 873 2097 gentium
883 2019 1018 2094 imbuere,
1033 2028 1064 2079 et
1074 2022 1204 2099 captivis

184 2136 268 2195 pares
281 2118 377 2175 facere
389 2114 549 2193 expetebat.
583 2112 687 2193 Itaque
699 2134 874 2192 purpureum
883 2114 1014 2173 diadema
1027 2114 1203 2175 distinctum

184 2211 259 2286 albo,
273 2212 356 2290 quale
369 2211 476 2269 Darius
488 2210 638 2284 habuerat,
647 2209 734 2287 capiti
746 2209 941 2285 circumdedit,
951 2217 1119 2290 vestemque
1129 2213 1204 2272 Per·

185 2307 275 2364 sicam
287 2305 428 2382 sumpsit:
448 2324 485 2364 ne
496 2323 578 2364 omen
591 2305 708 2384 quidem
721 2305 843 2380 veritus,
858 2305 935 2384 quod
948 2325 966 2363 a
978 2305 1100 2365 victoris
1112 2307 1202 2387 insig-

184 2400 270 2461 nibus
279 2401 310 2459 in
324 2399 430 2460 devicti
439 2401 577 2460 transiret
583 2399 723 2460 habiturn
752 2400 794 2458 Et
807 2400 857 2459 ille
871 2419 902 2459 se
912 2399 1026 2479 quidem
1041 2401 1203 2462 Persarum

98 2507 102 2514 ’
185 2496 279 2575 spolia
298 2503 411 2575 gestare
429 2495 550 2574 dicebat,
572 2497 623 2555 sed
644 2515 710 2554 cnm
733 2495 794 2554 illis
806 2515 917 2575 quoque
938 2515 1032 2556 mores
1046 2495 1202 2557 induerat:

186 2589 403 2669 superbiamque
423 2590 543 2651 habitrls
564 2591 653 2649 animi
675 2590 828 2649 insolentie
851 2591 1027 2670 sequebatur.
1070 2591 1204 2652 Litteras

184 2697 306 2766 quoque,
320 2704 391 2764 quas
404 2686 434 2744 in
445 2686 590 2763 Europam
603 2687 738 2760 mitteret,
753 2685 861 2744 veteris
875 2685 973 2744 annuli
983 2689 1097 2764 gemme
1108 2686 1203 2766 obsig-

185 2781 290 2842 nabat:
310 2782 356 2856 iia,
369 2799 441 2861 quaa
453 2781 484 2838 in
497 2781 599 2840 Asiam
619 2779 764 2855 scriberet,
779 2779 862 2838 Darii
881 2779 1003 2838 annulus
1022 2780 1204 2858 imprimeba-

184 2883 243 2953 tur,
257 2877 309 2935 ‘ut
321 2884 481 2954 appareret,
495 2896 584 2934 unum
598 2875 725 2934 animum
739 2874 860 2934 ducrum
870 2893 927 2933 non
938 2893 1036 2952 cepere
1045 2876 1202 2936 fortunam.

187 2972 307 3032 Amicos
319 2973 388 3030 varo
408 2979 439 3030 et
460 2971 580 3050 equites,
593 2989 705 3049 unaque
725 2969 771 3028 his
784 2967 936 3047 'principes
958 2969 1093 3044 militurn,
1109 2989 1204 3047 asper·

187 3072 291 3123 nantes
304 3064 419 3144 quidam
433 3065 484 3124 sed
497 3084 627 3125 recusare
640 3084 697 3124 non
717 3083 810 3140 aneos,
826 3063 949 3123 Persicis
970 3071 1123 3123 ornaverat
1142 3082 1205 3124 ves
1240 3125 1246 3138 ,

182 3159 275 3218 tibus.

252 3257 296 3313 15.
319 3251 394 3312 Haeo
406 3253 477 3312 luxu
489 3260 520 3313 at
541 3253 700 3334 peregrinis
721 3253 827 3313 infecta
846 3252 982 3328 moribus,
995 3259 1110 3313 veteres
1134 3254 1206 3312 Phi·

188 3347 262 3427 lippi
282 3346 398 3421 milites,
412 3345 494 3406 rudis
514 3349 594 3407 natio
615 3347 654 3406 ad
676 3347 847 3426 voluptates,
860 3347 957 3424 palalm
979 3347 1205 3408 aversabantur:

189 3443 316 3522 totisque
328 3442 432 3501 caetris
444 3461 518 3501 unus
528 3443 655 3501 omnium
669 3461 768 3502 sensus
782 3461 815 3501 ac
828 3461 920 3502 sermo
929 3448 1001 3516 erat,
1013 3445 1029 3476 “
1041 3441 1107 3519 plus
1122 3445 1206 3501 amis·

189 3559 253 3599 aum
265 3538 395 3613 victorii,
408 3539 496 3617 quam
508 3537 587 3599 bello
598 3538 753 3617 quaesitum
766 3555 834 3598 esse.
875 3537 970 3595 'Tum
983 3537 1107 3595 maxime
1128 3537 1207 3596 uinci

189 3634 276 3711 ipsos,
290 3633 412 3712 dedique
425 3633 526 3692 alienis
539 3633 668 3693 moribus
688 3640 718 3691 et
740 3633 884 3692 externis:
907 3633 1016 3692 ⁷tantus
1033 3650 1123 3692 morea
1144 3653 1206 3711 pre-

189 3730 273 3804 tinm,
287 3727 386 3788 domos
399 3729 481 3808 quasi
501 3729 532 3787 in
553 3729 666 3806 captivo
688 3727 790 3787 habitu
808 3746 995 3787 reversuros:
1016 3725 1125 3804 pudere
1145 3729 1207 3805 jam

191 3828 256 3884 sui:
277 3827 400 3904 Regem,
414 3824 500 3885 victis
510 3825 598 3903 quiin
611 3822 961 3897 victoribus-similiorem,
976 3842 1012 3881 ex
1025 3821 1206 3884 Macedoniae

193 3918 365 3994 imperatore
378 3919 461 3977 Darii
475 3919 626 3997 Satrapem
638 3918 777 3978 faetnm.’‘
817 3917 874 3976 Ille
886 3936 943 3976 nun
955 3917 1074 3997 ignarus
1086 3925 1118 3976 et
1130 3917 1206 3998 priu-
