2592 4400
196 408 258 469 244
547 427 688 480 currui
717 426 857 469 curru

195 562 243 623 dis
262 564 425 639 celicolis
446 572 528 625 veste
548 566 684 645 pretiosi.
726 564 822 627 Primi
844 564 925 625 ibsut
948 548 1043 637 suiici,
1061 567 1091 621 et
1111 560 1219 621 cohors

194 658 283 737 regis,
307 660 398 719 variis
420 660 557 720 redimita
578 661 697 721 lloribus
719 660 893 739 coronisque
946 659 1031 720 Alibi
1060 657 1219 717 tibicinum
1279 660 1280 731 ᾖ

193 750 304 829 centus,
328 754 399 814 alibi
423 755 495 834 lyras
518 759 605 815 sonbs
627 755 816 815 audiebatur:
848 756 919 813 item
943 754 974 812 in
994 753 1143 814 vehiculis
1165 772 1219 831 pro

192 849 277 925 oopit
297 852 437 931 cujusque
458 850 911 926 adornatis,oom1nessabuudus
936 849 1091 925 exercitus,
1112 850 1218 921 ermis,

192 964 258 1022 qum
279 947 403 1005 maxime
426 947 530 1007 decora
551 954 642 1023 eraut,
663 945 979 1023 circumpendentibus:
1002 945 1098 1022 ipsum
1119 943 1219 1002 couvi-

192 1059 299 1119 resque
318 1061 420 1101 currus
442 1042 574 1117 vehebat,
600 1042 721 1101 crsteris
745 1041 842 1100 eureis
868 1041 1051 1119 ejusdemque
1083 1040 1220 1097 materiae

193 1136 362 1215 ingentibus
381 1138 492 1215 poculis
513 1137 707 1217 ”praegravis
750 1136 817 1195 Hoc
839 1136 924 1195 modo
947 1154 999 1212 per
1019 1134 1080 1193 dies
1100 1142 1219 1211 septem

192 1231 428 1293 bacchabundum
448 1252 553 1311 agmen
572 1232 699 1307 incessit,
716 1232 844 1309 ¹¹paratu
865 1231 973 1309 preda,
988 1230 1014 1289 si
1036 1229 1107 1310 quid
1127 1229 1221 1290 victis

194 1327 298 1387 saltem
320 1327 458 1386 adversus
479 1335 673 1387 comessantes
693 1326 782 1386 enimi
803 1327 928 1386 fuisset:
948 1325 1029 1384 mille
1049 1324 1220 1383 mehercule

192 1420 258 1495 viri,
282 1421 369 1479 modo
394 1429 425 1480 et
448 1422 546 1497 sobrii,
568 1429 680 1500 septem
703 1420 816 1481 dierum
840 1420 959 1499 crapult
985 1438 1087 1499 graves
1106 1418 1143 1477 in
1167 1438 1222 1477 suo

192 1516 338 1593 triumpho
352 1536 454 1593 capere
465 1525 630 1595 potueruut.
673 1517 732 1577 Sed
753 1516 878 1591 fortuna,
894 1517 913 1545 ¹⁸
925 1536 990 1596 quac
1003 1516 1086 1575 rebus
1106 1514 1222 1573 famam

193 1611 374 1691 pretiumque
393 1612 554 1687 constituit,
575 1613 624 1672 bic
644 1614 758 1692 qudque
781 1612 897 1672 militiae
917 1611 1053 1689 probrum
1073 1612 1169 1671 vertit
1191 1612 1223 1669 in

193 1706 323 1785 glorium
365 1708 408 1767 Ilt
422 1708 441 1735 ¹⁴
448 1726 574 1784 proeseus
585 1715 666 1781 actea
680 1715 712 1766 et
733 1707 891 1785 posteritas
913 1706 1017 1765 deinde
1040 1704 1147 1797 mirate
1164 1715 1222 1783 est,

194 1822 245 1881 per
265 1809 365 1880 gentes
385 1802 512 1861 noudum
534 1802 606 1862 satis
628 1802 752 1862 domitas
773 1801 923 1862 incessisse
944 1800 1126 1875 temulentos,
1142 1800 1222 1861 Bar-

194 1897 283 1973 baris,
297 1898 375 1975 quod
396 1898 546 1956 temeritas
565 1896 639 1973 erat,
654 1896 788 1956 fiducism
810 1916 872 1967 esse
892 1896 1083 1956 credentibus.
1127 1896 1222 1955 Hunc

176 2001 365 2070 ·sppcratum
385 1992 514 2052 carnifex
537 1992 720 2071 sequebatur.
774 1990 888 2069 Quippe
912 1990 1050 2068 Satrapes
1071 1992 1221 2069 Aspastes

196 2088 244 2164 (de
264 2107 320 2166 quo
334 2088 402 2159 aute
417 2087 525 2146 dictum
538 2092 596 2166 est)
606 2086 729 2146 interfici
742 2088 841 2163 jussus
854 2093 918 2147 est:
940 2086 1010 2145 aded
1024 2106 1076 2145 nco
1089 2086 1221 2149 luxurias
1279 2080 1280 2083 ¹

194 2182 350 2264 quidquam
360 2182 527 2261 crudelitas,
540 2203 594 2243 ueo
607 2182 773 2243 crudelitati
786 2181 903 2242 luxurie
916 2182 1023 2244 obstat.

579 2759 749 2822 LIBER
783 2761 830 2823 X.

615 2951 791 2986 immittentis.

232 3079 250 3118 L
264 3078 365 3119 cicender
378 3080 400 3118 et
415 3077 451 3119 elii
465 3077 530 3119 duces
543 3078 669 3119 delictorum
682 3079 766 3119 veniam
781 3079 902 3130 impetrent,
911 3081 964 3120 dum
978 3079 1075 3120 nouuuili
1082 3081 1157 3122 minus
1164 3081 1217 3124 ieci·

194 3145 264 3182 uerosi
277 3145 399 3193 puntentur.
434 3143 549 3185 Alaeudri
563 3145 673 3185 consilium
688 3143 714 3186 de
727 3145 857 3186 Occidentsii
871 3145 962 3196 Europus
976 3149 1036 3196 parte
1051 3147 1216 3197 perissemus:

194 3208 306 3248 liberalitas
318 3220 366 3258 erge
374 3209 467 3248 Abiseris
474 3209 555 3260 fliium
568 3213 591 3250 et
598 3211 620 3250 iu
629 3210 732 3260 Orsiuem,
741 3211 895 3252 nobilissimum
908 3211 1023 3262 senopem,
1033 3212 1154 3255 crudelitas

230 3274 248 3312 i.
263 3273 322 3312 Dum
338 3273 448 3313 tutatum
465 3273 552 3315 crece
569 3278 648 3315 sisium
666 3285 745 3326 pacare,
759 3279 781 3316 et
797 3287 825 3316 ex
840 3276 944 3318 militibus
958 3279 1009 3328 (ere
1024 3277 1094 3318 slieuo
1108 3279 1217 3334 liberatis)

193 3340 244 3382 dios
257 3339 364 3380 renium
379 3338 474 3386 domum,
489 3339 541 3379 aiios
558 3341 650 3381 retinere
664 3342 747 3392 cogitat,
762 3342 785 3382 iu
800 3343 872 3382 cestris
884 3343 954 3382 oritur
967 3341 1053 3384 seditio:
1068 3353 1135 3394 quam
1151 3349 1217 3398 gravi

193 3407 285 3447 oratioue
293 3408 315 3446 et
326 3405 384 3456 regis
394 3406 518 3445 auctoritate
526 3407 646 3456 compescit

229 3471 247 3512 t.
262 3472 371 3511 seditiosis
379 3469 482 3520 supplicio
490 3470 576 3519 affectis,
582 3472 648 3510 totius
656 3471 762 3512 exereitus
775 3471 863 3524 dissipet
873 3472 964 3523 conside,
972 3476 993 3514 et
1007 3471 1078 3515 Persis
1086 3476 1154 3517 eredit
1167 3489 1215 3518 eor·

193 3535 424 3589 portesuieuscodiem
957 3575 960 3584 ,

228 3604 246 3642 4.
260 3602 317 3642 Mors
332 3600 493 3651 Hepbastiouis
519 3599 639 3640 Alexander
651 3601 769 3652 ingredltur
781 3602 918 3654 Bebyiouem.
945 3604 1066 3656 Oonjumtio
1080 3605 1103 3645 in
1118 3605 1213 3648 Alexan·

191 3667 260 3715 dmm,
270 3667 306 3716 qui
316 3677 396 3706 veneno
405 3665 540 3714 extinguitur.

223 3723 245 3772 'u
259 3733 323 3772 Dicte
335 3735 358 3772 et
370 3735 428 3782 gesta
436 3731 530 3780 eiusdem
546 3722 697 3773 autc'obituuu
724 3732 832 3780 Quantum
845 3745 858 3774 s
870 3735 986 3775 suisiuerit
998 3734 1138 3788 desideratum
1156 3749 1212 3788 pre-

189 3799 252 3847 cipue
262 3798 312 3838 vero
324 3809 338 3838 s
349 3797 408 3837 Derii
416 3798 495 3848 metre3
509 3808 557 3847 que
564 3797 631 3838 dolori
642 3797 787 3848 succumbens,
796 3799 859 3850 peuio
867 3799 915 3851 pdst
927 3801 1020 3840 extincta
1028 3803 1065 3842 est
1093 3802 1211 3846 Alexandri

246 3875 288 3904 um.

189 3864 243 3968 0¹(er
257 3928 289 3968 De
297 3937 415 3968 successore
423 3928 538 3969 Alexandri
546 3930 601 3968 inter
609 3930 716 3978 munster
725 3929 853 3978 consultatio.
862 3932 884 3970 et
893 3931 956 3970 ναίω
964 3931 1080 3972 renuntias.
