2592 4400
94 405 100 420 ’
178 398 216 456 38
526 415 666 464 ouum
695 415 835 456 cuaru

150 553 156 560 '
175 553 326 630 'Praeceps
346 552 377 612 in
397 553 489 612 salum
503 573 608 614 murus
629 553 763 632 pedestre
786 555 974 632 interceperat
997 555 1071 616 iter:
1100 573 1190 616 naves

100 645 162 734 lys
175 667 228 708 nec
248 648 372 708 habebat
392 649 472 725 Rex;
495 655 533 724 et,
548 649 573 708 si
595 648 777 722 admovisset,
792 648 966 726 'pendentes
987 658 1017 708 et
1038 651 1190 717 instabiles

176 744 333 803 missilibus
347 745 437 803 arceri
451 751 591 822 poterant.
620 745 704 804 Inter
711 765 776 824 quaa
785 765 873 822 parva
886 746 967 804 dictu
979 765 1025 804 res
1036 746 1189 824 Tyriorum

174 838 307 896 fiduciam
335 840 470 900 accendit.
514 840 786 918 Carthaginensium
809 840 900 918 legati
926 839 964 899 ad
990 840 1188 899 celebrandum

174 934 399 994 anniversarium
412 955 522 994 sacrum
545 955 623 994 more
636 935 731 1012 patrio
744 942 814 992 tuno
826 943 980 995 venerant:
1002 935 1107 1013 quippe
1122 935 1188 996 Oar-

175 1027 321 1108 thaginem
354 1031 437 1108 Tyrii
462 1030 660 1104 condiderunt,
687 1031 816 1107 'semper
841 1037 992 1108 parentum
1017 1030 1080 1089 loco
1108 1031 1188 1089 culti

116 1111 299 1214 fffflortari
327 1129 395 1205 ergb
424 1126 509 1185 Poeni
537 1132 692 1202 coeperunt,
720 1133 755 1183 nt
783 1125 960 1186 obsidionem
987 1126 1060 1186 forti
1092 1127 1188 1186 auimo

174 1227 350 1296 paterentur,
377 1221 459 1282 brevi
488 1221 664 1300 Carthagine
693 1221 805 1280 auxilia
830 1229 970 1282 ventura:
1003 1241 1127 1301 namque
1153 1227 1191 1280 ea

171 1321 352 1392 tempestate,
374 1320 478 1395 magna
501 1335 538 1374 ex
559 1321 650 1393 parte,
673 1315 792 1375 Punicis
811 1315 949 1377 classibus
969 1317 1061 1375 maria
1079 1317 1189 1378 obside

173 1410 286 1471 bantur.
632 1461 635 1470 .

218 1509 260 1564 ³9.
283 1505 381 1584 Igitur
391 1505 467 1566 bello
481 1506 604 1582 decreto,
619 1525 670 1583 per
691 1525 788 1566 muros
807 1495 1120 1586 turresque'tormenta
1133 1507 1192 1566 dis·

9 1586 15 1592 ’
113 1592 298 1678 Mponunt:
320 1621 399 1658 arma
410 1601 573 1678 junioribus
587 1601 729 1678 dividunt,
754 1605 771 1631 ¹⁰
781 1602 957 1680 opificesque,
971 1623 1093 1682 quorum
1106 1587 1192 1682 copia

172 1696 243 1756 urbs
257 1696 429 1771 abundabat,
445 1697 475 1754 in
489 1697 614 1756 officinas
635 1697 820 1781 distribuunt
863 1697 971 1766 Omnia
989 1699 1058 1759 belli
1071 1719 1192 1778 appara·

172 1799 207 1850 tu
234 1799 384 1870 strepunt:
414 1793 515 1852 ferreae
545 1812 657 1872 quoque
686 1780 788 1854 silanus
816 1794 1052 1872 ¹¹(lrurpcgonaa
1072 1799 1190 1876 vocam)

60 1919 92 1960 „-
172 1907 242 1967 quas
269 1888 401 1966 operibus
428 1889 555 1948 hostium
581 1889 741 1967 injicerent,
768 1889 903 1968 corvique
930 1897 961 1948 et
987 1890 1047 1950 alia
1073 1891 1191 1950 tuendis

173 1985 293 2046 urbibus
306 1986 477 2064 excogitata,
497 1987 740 2066 praeparabantur.
783 1987 841 2047 Sed
862 1988 932 2044 edm
941 1987 1114 2073 pomacium
1133 1989 1190 2046 fer·

101 2077 246 2157 Jpsrum,
260 2082 336 2159 quod
350 2082 453 2139 excudi
467 2083 624 2158 oportebat,
638 2078 805 2159 impositum
821 2088 907 2157 esset,
921 2081 1100 2161 admotisque
1112 2083 1190 2142 folli·
1257 2117 1269 2144 ι
1289 2102 1290 2123 ¹

173 2176 228 2238 bus
242 2177 336 2255 ignem
350 2177 420 2237 flatu
432 2177 449 2207 ¹²
459 2177 656 2257 accenderent,
671 2177 817 2256 sanguinis
837 2178 894 2237 rivi
916 2178 969 2267 sub
983 2179 1053 2257 ipsis
1065 2179 1190 2244 flammis

173 2273 304 2332 extitisse
318 2273 479 2349 dicunturp
491 2274 509 2301 ¹⁸
517 2274 604 2354 idque
619 2273 709 2332 ‘omen
722 2274 752 2331 in
765 2274 957 2333 Macedonum
975 2283 1084 2335 metum
1094 2283 1189 2339 uerte

172 2374 241 2441 rupit
265 2367 354 2445 Tyrii.
403 2367 421 2396 ¹⁴
431 2368 520 2445 Apud
544 2361 718 2427 Macedonas
739 2388 858 2448 quoque,
885 2372 953 2429 culm
979 2370 1055 2429 forte
1083 2390 1188 2448 panem
1288 2417 1289 2430 ,

172 2464 291 2543 quidam
312 2462 438 2521 militum
459 2464 615 2542 frangeret,
629 2465 773 2522 manantis
793 2464 941 2543 sanguinis
960 2473 1060 2544 guttas
1072 2474 1187 2527 notave·

98 2553 257 2639 finnt,
287 2558 444 2635 territoque
467 2559 557 2636 Rege,
582 2559 756 2617 Aristander
782 2560 972 2636 peritissimus
998 2568 1105 2636 vatum,
1134 2561 1186 2621 “ai
1287 2559 1288 2608 Ϊ

173 2654 351 2713 extrinsecus
361 2672 444 2711 cruor
453 2654 591 2729 fluxisset,
602 2654 808 2714 Macedonibus
820 2654 852 2712 id
864 2656 948 2713 triste
957 2656 1115 2732 futurum,’'
1126 2658 1184 2717 ait:
1287 2701 1288 2706 κ

174 2751 307 2825 “contrul,
322 2768 388 2807 cum
401 2748 437 2808 ab
451 2748 585 2807 interiore
597 2757 680 2826 parts
694 2750 862 2824 manaverit,
874 2750 948 2825 urbi,
957 2771 1043 2827 quam
1052 2753 1186 2813 obsidere

174 2846 378 2920 destinassent,
393 2843 501 2903 exitum
514 2844 712 2921 portendere.'’
763 2845 928 2909 Alexander
941 2848 1009 2904 culm
1022 2855 1052 2905 et
1064 2848 1184 2907 classem

172 2942 272 3018 procul
294 2941 421 3014 haberet,
437 2948 467 2999 et
490 2926 605 3019 longam
629 2940 809 3000 obsidionem
830 2960 934 3019 magno
948 2942 1004 3003 sibi
1025 2943 1063 3001 ad
1082 2951 1186 3005 caetera

112 3024 171 3091 iss
172 3036 377 3112 impedimento
404 3036 516 3094 videret
542 3036 612 3109 fore,
641 3036 852 3110 caduceatores,
878 3036 929 3114 qui
955 3037 992 3095 ad
1014 3057 1114 3114 pacem
1136 3058 1186 3102 eos

173 3130 386 3208 compellerent,
401 3130 498 3189 misit:
519 3130 697 3217 quosjl'yrii
713 3132 842 3189 ¹⁶contra
859 3133 908 3209 jus
927 3132 1056 3210 gentium
1076 3135 1186 3195 occisos

173 3224 423 3304 praecipitaverunt
450 3225 480 3282 in
507 3225 606 3284 altum.
648 3226 745 3304 Atque
767 3226 816 3285 ille
840 3246 956 3286 suorum
981 3235 1041 3287 tam
1066 3230 1187 3309 indigna

131 3355 136 3364 ·
171 3340 239 3381 nece
264 3326 431 3394 commotus,
454 3321 555 3380 urbem
578 3320 711 3380 obsidere
732 3322 844 3381 statuit
886 3322 945 3384 Sed
966 3326 1034 3382 ante
1052 3326 1187 3402 jacienda
1283 3391 1286 3404 ,

172 3395 262 3475 moles
284 3422 354 3489 crat,
369 3435 434 3494 quse
455 3416 555 3476 urbem
577 3416 734 3476 continenti
754 3416 954 3478 committeret
995 3418 1103 3497 Ingens
1116 3424 1186 3501 ergo
1277 3431 1286 3494 p

6 3500 50 3635 ,ξ
118 3494 281 3582 citissimus
307 3510 434 3571 militum
461 3512 623 3589 desperatio
650 3512 777 3587 incessit,
805 3513 981 3571 cernentium
1013 3515 1187 3592 profundum
1282 3507 1284 3522 ⁴

172 3627 258 3682 mare,
279 3607 356 3686 quod
376 3606 425 3665 vix
449 3606 547 3667 divina
569 3628 621 3685 ope
643 3614 742 3685 posset
761 3608 892 3685 impleri:
915 3608 1014 3679 “Quae
1034 3630 1105 3669 saxa
1125 3619 1187 3671 tam

172 3710 262 3778 vasta,
276 3722 347 3781 quas
370 3709 431 3761 tam
444 3722 574 3780 proceras
588 3704 706 3763 arbores
725 3722 807 3781 posse
826 3704 970 3781 reperiri?
991 3706 1186 3766 ”exhauriam
1280 3636 1285 3757 l

172 3797 231 3856 das
249 3816 311 3857 esse
333 3798 472 3876 regiones,
496 3806 529 3856 ut
553 3798 626 3857 illud
648 3798 774 3874 spatium
797 3806 1000 3877 aggeraretur:
1026 3808 1186 3863 exaestuare
1281 3839 1284 3914 p

174 3910 287 3971 semper
298 3895 412 3967 fretum,
425 3894 537 3972 quoque
557 3893 664 3952 arctius
677 3893 823 3953 volutetur
843 3894 921 3954 inter
933 3894 1056 3955 insulam
1069 3905 1099 3955 et
1118 3916 1185 3957 eon·
1281 3941 1284 4018 p
