2592 4400
219 389 276 449 192
564 404 703 457 Qum'u
733 405 871 446 onaan

216 544 360 605 morant
401 542 462 605 sao
472 544 591 605 fortuna
603 544 704 623 ipsius,
719 544 864 624 simulque
884 543 1063 623 epulantium
1077 544 1226 605 ”comitas

216 638 350 717 provexit
377 656 476 698 omnes
501 638 540 699 ad
567 639 679 719 largius
702 638 809 699 vinum.
860 640 936 698 Ludi
960 640 1048 699 stiam
1069 639 1236 701 convivales

169 716 178 738 ⁸
216 737 368 795 extraxere
381 740 510 811 tempus:
529 751 605 792 nunc
618 733 695 793 lastis
708 734 967 812 conjunctim-quod
982 734 1108 811 sopitum
1123 750 1237 813 aggres-

216 828 279 889 suri
291 835 406 889 essent:
426 848 504 887 nnnc
516 828 650 888 sollicitis
672 848 709 888 ne
730 828 761 887 in
780 830 873 887 lucem
886 830 1049 889 convivium
1069 829 1237 888 extrahere·

215 932 273 985 tar.
316 922 431 1002 Quippe
450 922 524 984 alios
547 924 578 982 in
600 924 756 983 stationem
776 924 927 1002 oportebat
946 924 1041 1001 primt
1056 924 1122 983 luce
1144 942 1238 983 succe

216 1020 294 1094 dere,
315 1019 442 1097 ipsorum
461 1026 528 1096 post
549 1025 658 1097 septem
682 1018 744 1079 dics
766 1018 900 1077 reditura
919 1020 989 1079 vioe.
1032 1017 1098 1077 Nec
1120 1034 1239 1096 sperare

216 1121 362 1195 poterant,
376 1114 407 1173 in
419 1113 493 1172 illud
502 1120 616 1191 tempus
624 1114 755 1175 omnibns
769 1114 939 1173 duraturam
951 1114 1043 1173 fidem.
1076 1112 1238 1185 (laetemini,

217 1212 286 1269 esim
306 1212 368 1287 jam
390 1208 443 1269 lux
465 1215 623 1287 appeteret,
643 1217 675 1268 ct
703 1208 864 1269 convivium
885 1209 1016 1283 solvitur,
1037 1214 1068 1267 et
1091 1204 1239 1285 conjurati
1279 1244 1280 1247 η

218 1311 391 1381 exceperunt
417 1304 528 1383 Regem
555 1304 617 1365 lati
644 1304 820 1363 occasionem
852 1304 1012 1383 exequendi
1040 1303 1164 1363 sceleris
1193 1300 1238 1360 ad·

218 1406 340 1475 motam3
360 1404 425 1458 enm
437 1399 542 1459 mulier
555 1402 573 1429 ¹¹
584 1400 726 1475 attonitas,
740 1406 773 1459 ut
786 1399 927 1459 creditum
941 1406 994 1473 est,
1012 1398 1130 1474 mentis,
1147 1401 1167 1429 ¹¹
1176 1417 1239 1457 oon·

216 1494 326 1555 versam
347 1494 378 1552 in
398 1494 481 1574 ragit
502 1494 596 1570 solita,
610 1495 679 1573 quia
693 1495 711 1523 ¹⁸
722 1494 861 1578 instinctu
873 1494 1024 1554 videbatur
1043 1495 1148 1555 futura
1169 1513 1239 1573 pree

218 1590 322 1666 dicere,
336 1608 395 1649 non
417 1590 543 1649 ocmrrit
563 1589 649 1649 modo
669 1589 796 1665 abeunti,
821 1589 872 1649 sed
895 1590 983 1648 etiam
1007 1596 1099 1649 semet
1119 1588 1239 1667 objecit

218 1684 357 1765 vultuque
368 1692 400 1744 et
412 1685 502 1745 oculis
515 1693 625 1744 motum
642 1686 799 1763 praeferens
821 1684 918 1759 animi,
932 1692 967 1743 ut
988 1684 1096 1745 rediret
1122 1686 1156 1743 in
1177 1702 1239 1742 con·

218 1782 330 1841 viuum
341 1781 473 1857 monuit;
495 1788 526 1839 et
538 1780 588 1839 illc
600 1798 652 1858 por
666 1780 776 1855 ludum,
789 1780 862 1841 bone
886 1781 963 1841 Deos
977 1780 1106 1856 suadere,
1122 1798 1239 1858 respon·

219 1876 281 1936 dit:
295 1876 492 1957 revocatisque
500 1876 609 1951 amicis,
623 1876 654 1934 in
664 1875 763 1935 horam
778 1876 836 1935 diei
847 1876 937 1935 forms
949 1875 1103 1935 secundam
1113 1871 1238 1937 convivii

219 1972 482 2050 tompusextrabit.

280 2070 327 2126 23.
349 2067 420 2126 Jam
441 2066 494 2125 alii
516 2086 553 2125 ex
575 2064 693 2125 cohorte
713 2064 743 2123 in
764 2065 919 2125 stationem
942 2071 1151 2141 successerant,
1173 2070 1238 2123 ante

219 2161 346 2222 cubiculi
367 2162 444 2220 iores
467 2160 644 2220 excubaturi.
695 2159 802 2220 Adhuc
822 2166 919 2220 tamen
945 2160 1088 2238 conjurati
1111 2160 1237 2232 stabant,

219 2258 283 2318 vice
309 2255 394 2315 officii
422 2257 468 2315 sui
488 2255 625 2333 explett:
656 2255 728 2314 adeo
751 2256 885 2333 pertinax
909 2263 953 2314 est
977 2273 1051 2332 spes,
1074 2273 1164 2333 quam
1187 2254 1237 2312 hu·
1279 2311 1280 2318 ,

220 2371 314 2411 manoe
337 2357 448 2409 mentes
471 2351 613 2411 foverunt.
665 2350 731 2410 Rex
770 2350 922 2426 benignitus
949 2352 1037 2429 quim
1070 2350 1147 2409 alias
1168 2348 1235 2408 allo

219 2453 312 2521 cutus,
346 2445 492 2504 discedere
523 2463 573 2504 eos
605 2444 643 2503 ad
685 2445 811 2504 curanda
844 2464 972 2522 corpora,
987 2475 991 2484 ·
1006 2445 1143 2522 quoniam
1174 2443 1236 2502 cota

219 2548 301 2600 nocte
321 2539 526 2617 perstitissent,
554 2540 659 2616 jubet:
691 2539 759 2598 data
785 2545 853 2597 sunt
881 2539 1004 2618 siugulis
1030 2539 1236 2618 quinquaginta

219 2635 370 2695 sestertia:
399 2635 572 2695 collaudatis
595 2653 707 2714 quoque
730 2634 808 2712 quod
832 2635 920 2692 stiam
945 2634 1011 2693 aliis
1031 2633 1143 2692 tradita
1164 2634 1234 2703 vioe,

220 2739 316 2791 minan
328 2731 469 2790 excubare
482 2733 723 2808 perseverassent.
764 2729 818 2788 Illi
831 2734 913 2787 tanta
927 2747 977 2806 spe
988 2729 1123 2788 destituti
1137 2719 1234 2789 domos

219 2829 347 2889 abeunt:
368 2833 399 2885 et
411 2827 510 2886 caeteri
521 2826 638 2904 quidem
660 2825 864 2902 exspectabant
886 2825 1018 2884 stationis
1032 2843 1092 2882 suec
1103 2832 1232 2898 noctem;

222 2923 387 3000 Epimenes,
402 2923 463 2982 sive
485 2921 623 2980 comitata
644 2920 745 2999 Regis,
758 2924 817 2998 qua
832 2920 852 2949 ¹⁴
862 2920 957 2998 ipsum
977 2920 1053 2978 inter
1074 2922 1234 2997 conjuratos

219 3024 381 3095 exceperat,
406 3017 526 3093 repente
550 3023 698 3093 mutatus3
721 3015 782 3075 siva
804 3015 871 3093 quia
894 3015 996 3092 coeptis
1017 3014 1094 3074 Deos
1122 3014 1234 3076 obstare

221 3112 366 3185 credebat,
381 3111 467 3170 fratri
481 3129 535 3169 suo
548 3110 725 3189 Eurylocho,
739 3129 824 3190 quem
838 3118 923 3168 autea
937 3116 1082 3187 expertem
1096 3129 1160 3169 esse
1174 3129 1234 3169 con·

222 3205 283 3266 silii
296 3205 436 3281 soluerat,
455 3205 527 3284 quid
547 3214 708 3282 pararetur,
722 3205 822 3282 aperit.
867 3205 1012 3266 Omnibus
1025 3203 1154 3265 Philota
1173 3223 1233 3283 sup·
1279 3249 1280 3252 ,

222 3301 343 3380 plicium
357 3299 388 3357 in
400 3301 494 3360 oculis
515 3308 585 3360 erat
626 3299 731 3380 Itaque
752 3299 882 3377 protinus
903 3300 998 3376 injicit
1010 3300 1096 3358 fratri
1109 3319 1234 3373 manum,

219 3385 253 3457 'et
274 3398 305 3455 in
328 3395 436 3475 regiam
458 3397 605 3474 pervenit:
634 3395 826 3474 excitatisque
850 3394 1018 3474 custodibus
1041 3396 1179 3472 corporis,
1201 3393 1236 3456 ad

223 3494 346 3555 salutem
367 3491 459 3571 Regis
481 3490 634 3569 pertinere,
656 3509 721 3568 quae
744 3490 868 3566 afferret,
893 3489 1021 3551 affirmat
1063 3489 1106 3548 Et
1125 3497 1236 3568 tempus

221 3608 279 3668 quo
305 3593 451 3662 venerant,
478 3594 510 3644 et
531 3584 631 3645 uultus
656 3582 734 3642 hand
763 3586 831 3642 sane
856 3584 948 3644 securi
975 3582 1064 3642 animi
1080 3583 1183 3660 3index,
1210 3590 1238 3644 et

222 3683 360 3743 moestitia
383 3701 399 3740 e
422 3681 534 3740 duobus
556 3678 690 3752 alterius,
707 3678 896 3738 Ptolemaeum
917 3699 949 3737 ao
972 3678 1141 3754 beatotum,
1156 3699 1237 3738 exou-

223 3778 325 3838 bantes
338 3776 375 3835 ad
388 3774 512 3835 cubiculi
525 3773 621 3847 limen,
631 3773 839 3832 excitaverunt.
881 3771 983 3850 Itaque
998 3771 1107 3849 apertis
1120 3774 1230 3834 foribus

224 3878 256 3930 st
281 3871 389 3929 lumine
414 3869 505 3942 illato,
528 3868 654 3943 sopitum
681 3885 760 3925 mero
782 3885 815 3924 ac
837 3885 936 3925 somno
963 3867 1093 3925 excitant
1121 3869 1236 3948 Regem.
