2592 4400
365 410 489 452 mssa
516 410 572 451 vr.
604 410 689 453 car.
720 410 775 453 ιν.
986 367 996 383 “
1022 388 1076 453 117

61 550 195 629 equitatu
220 565 258 609 or.
272 549 368 609 stadia
390 566 533 628 emensus,
546 556 643 609 castra
662 548 693 609 iu
706 550 792 626 valle,
814 550 874 629 qut
896 550 1075 629 Hyrcaniam

62 647 200 719 ¹adeunt,
224 646 389 704 communit.
443 644 558 703 Nemus
584 646 714 723 praealtis
742 645 896 725 densisque
923 646 1075 707 arboribus

60 741 229 800 umbrosum
253 747 307 816 est,
333 740 444 818 pingue
470 739 556 799 vallis
583 740 676 799 solum
703 740 864 820 rigantibus
892 741 982 821 aquis,
1010 762 1075 821 quse
1097 745 1113 790 3-
1135 752 1143 783 ⁸
1181 750 1183 763 '

60 854 94 893 ex
108 836 203 913 petris
226 836 421 894 eminentibus
444 843 571 893 manant.
615 834 663 893 le
677 836 748 911 ipsis
768 836 915 895 radicibus
933 839 1074 897 montium

61 932 193 990 Ziobetis
218 930 310 988 amnis
335 929 502 1005 effunditur,
516 930 567 1009 qui
590 930 647 987 tria
670 931 731 987 ferd
753 930 847 990 stadia
867 931 897 988 in
918 931 1072 1011 longitudi-

57 1045 127 1096 nemv
149 1026 327 1085 'universus
349 1026 435 1084 fluit:
469 1024 575 1083 deinde
604 1043 684 1093 saxo,
712 1025 791 1104 quod
818 1026 961 1085 alveolum
987 1027 1072 1087 inter·

57 1120 157 1197 pellat,
192 1138 390 1197 repercussus,
424 1120 481 1178 duc
514 1119 621 1178 itinera
647 1119 748 1179 'velut
781 1120 956 1197 dispensatis
976 1122 1072 1200 ‘aquis
1173 1130 1179 1141 ’

57 1216 157 1293 aperit
199 1214 295 1274 ‘Iude
317 1222 444 1290 torrens,
453 1222 484 1273 et
506 1234 641 1273 saxorum
664 1235 716 1292 per
736 1234 802 1293 quae
826 1216 949 1275 incurrit
969 1218 1071 1294 asperi·
1095 1226 1103 1262 2'
1123 1218 1134 1263 i
1160 1212 1165 1220 “

58 1318 114 1369 tete
133 1311 299 1384 violentior,
322 1317 429 1368 terram
451 1329 580 1387 praeceps
604 1310 692 1370 subit.
734 1310 794 1369 Per
815 1331 870 1369 ccc
893 1311 988 1370 stadia
1008 1312 1095 1371 con-¹

57 1404 135 1464 ditus
159 1405 280 1479 labitur,
294 1415 453 1483 rursusque
466 1405 549 1464 velut
570 1424 607 1463 ex
621 1406 682 1463 alto
696 1406 776 1464 fonte
797 1414 952 1484 conceptus
967 1404 1071 1483 editur,

57 1508 86 1558 et
98 1520 207 1559 novum
222 1500 334 1560 alveum
348 1498 482 1573 intendit,
498 1500 594 1577 priore
604 1501 650 1557 sni
664 1510 747 1577 parte
756 1501 916 1578 spatiosior.
955 1501 1071 1581 Quippe

56 1595 86 1653 in
109 1596 299 1654 latitudinem
320 1614 372 1653 xm
396 1595 555 1653 stadiorum
577 1595 768 1670 diffunditur;
790 1616 946 1675 rursusque
968 1582 1070 1677 angue

57 1692 178 1751 tioribns
192 1691 337 1749 coercitus
348 1690 419 1767 ripis
439 1690 497 1747 iter
515 1690 613 1769 cogit:
634 1683 752 1749 tandem
775 1692 804 1749 in
820 1691 1070 1753 alternm'amnem
1129 1724 1131 1732 v

57 1788 140 1861 cadit,
163 1786 326 1862 (Rbidcgo
346 1804 450 1843 nomen
472 1789 539 1863 est.)
582 1786 692 1845 Incolae
714 1786 901 1865 affirmabant,
927 1806 1070 1867 quaecurn·

56 1902 110 1960 que
123 1882 249 1941 demissa
263 1888 359 1939 essent
372 1881 403 1938 in
417 1900 576 1956 cavernam,
591 1900 657 1959 quse
671 1881 789 1958 propior
803 1891 848 1941 est
861 1884 944 1957 fonti,
959 1904 1069 1960 rursus,

58 1978 106 2036 nbi
119 1976 202 2036 aliud
216 1996 249 2035 os
271 1976 364 2034 amnis
386 1977 490 2053 aperit,
505 1976 639 2034 existere.
684 1976 791 2056 Itaque
805 1977 975 2036 Alexander
998 1978 1070 2038 duos

57 2071 182 2149 ‘taurcs,
191 2073 251 2151 qud
262 2071 389 2131 subeunt
399 2090 482 2149 cquae
492 2078 607 2148 terram,
616 2072 793 2148 praecipitari
803 2072 907 2149 jubet:
928 2074 1069 2153 ‘qnorum
1142 2152 1145 2157 ¹

56 2187 180 2247 corpora,
194 2167 247 2228 ubi
269 2168 372 2227 rursrls
393 2166 529 2245 erumpit,
543 2166 665 2244 expulsa
677 2166 786 2244 videre,
801 2168 851 2248 qui
872 2168 955 2228 missi
976 2178 1068 2246 erant,
1128 2158 1144 2216 ’ἶ
1170 2178 1180 2198 ³

56 2273 89 2322 ut
102 2267 277 2343 exciperent.
407 2255 412 2263 ”

112 2365 138 2421 8.
161 2359 306 2431 Quartum
326 2359 387 2434 jam
408 2357 486 2416 diem
507 2357 607 2416 codem
619 2356 683 2416 loco
695 2358 823 2437 quietem
832 2359 921 2419 militi
941 2360 1088 2439 dederat,

58 2455 120 2513 edm
132 2455 250 2514 litteras
265 2451 452 2527 Nabarzanis,
466 2452 516 2530 qui
530 2451 651 2511 Darium
672 2473 736 2512 cum
756 2453 848 2512 Besso
869 2454 1068 2534 interceperat,

57 2551 165 2629 accipit,
179 2569 303 2630 quarum
316 2548 459 2608 sententia
472 2548 626 2608 haeserat:
648 2552 665 2582 “
678 2549 715 2608 Se
736 2548 827 2609 Dario
847 2569 905 2610 non
925 2552 1014 2612 fuisse
1028 2553 1069 2611 in-

57 2643 177 2720 imicum,
199 2645 259 2703 imo
282 2645 369 2702 etiam
389 2662 455 2721 qnae
475 2642 644 2701 credidisset
665 2643 751 2702 utilia
774 2663 846 2718 esse,
874 2645 1015 2706 suasisse:
1039 2654 1069 2705 et
1084 2652 1102 2698 .”
1126 2639 1143 2692 ⁵5
1156 2653 1166 2683 ·'

56 2741 120 2816 quia
140 2741 228 2798 fidele
251 2738 403 2798 consilium
426 2737 502 2816 Regi
529 2737 664 2812 dedisset,
689 2737 776 2815 prope
804 2739 927 2798 occisum
961 2740 997 2800 ab
1025 2759 1067 2802 ec.

57 2835 213 2914 'Agitasse
234 2834 366 2909 Darium,
380 2834 542 2892 custodiam
556 2835 684 2910 eorporis
707 2833 753 2892 sui
777 2840 876 2892 contra
894 2835 943 2910 jus
969 2834 1068 2913 fasque

57 2934 200 3010 peregrino
222 2929 311 2987 militi
333 2928 459 3003 tradere,
472 2928 609 2986 damnata
630 2927 811 3005 popularium
824 2927 889 3001 fide,
909 2947 994 3007 quam
1017 2949 1068 3006 per

58 3024 191 3084 ducentos
212 3033 243 3083 et
265 3023 387 3102 triginta
408 3043 498 3082 annos
512 3023 681 3082 inuiolatam
696 3021 827 3100 Regibus
848 3022 907 3082 suis
920 3025 1067 3100 praestitis
1100 3090 1106 3106 ,

58 3130 124 3181 sent.
138 3182 140 3185 ,
157 3122 196 3182 Se
216 3121 249 3179 in
269 3106 412 3197 praecipiti
425 3126 456 3177 et
469 3118 579 3179 lubrico
592 3123 726 3192 stantem,
740 3117 891 3176 consilium
904 3139 922 3176 a
933 3121 1068 3196 praesenti
1107 3105 1131 3216 ³,
1149 3107 1156 3122 ¹
1177 3136 1182 3157 ²

57 3217 224 3275 necessitate
237 3219 386 3292 repetisse.
417 3213 538 3272 Darium
550 3229 671 3290 qnoque,
686 3214 754 3270 cum
767 3213 917 3272 cecidisset
931 3214 1068 3293 Bagoam,

58 3308 107 3367 lrec
120 3311 301 3369 excusatione
314 3308 488 3367 satisfecisse
507 3307 703 3385 popularibus,
718 3307 795 3385 qubd
815 3307 997 3367 insidiantem
1011 3309 1067 3369 sibi

58 3402 255 3465 interemisset.
298 3404 383 3462 Nihil
410 3422 474 3465 esse
499 3401 612 3462 miseris
638 3402 807 3488 mortalibus
831 3403 942 3480 spiritu
965 3403 1068 3466 carius.

60 3500 161 3560 Amore
182 3504 246 3578 ejus
259 3500 316 3558 'ad
336 3499 441 3558 ultima
463 3517 525 3557 esse
546 3497 732 3574 propulsum:
754 3497 805 3557 sod
826 3517 860 3558 cs
887 3499 978 3576 magis
1006 3516 1068 3556 csse
1127 3573 1131 3578 Ι

60 3605 192 3672 secutum,
205 3617 272 3675 quse
292 3595 434 3674 coegisset
455 3593 619 3667 necessitas,
640 3595 727 3670 qutm
748 3613 813 3671 quae
840 3598 974 3670 optasset
1031 3593 1069 3651 In
1096 3587 1107 3623 ⁴¹
1131 3575 1173 3632 Ψ

61 3693 198 3751 communi
211 3691 377 3750 calamitate
396 3709 476 3748 suam
489 3707 629 3767 quemque
641 3687 748 3748 habere
761 3688 914 3747 fortunam
977 3687 1008 3748 si
1023 3707 1069 3746 ve·

60 3786 117 3843 nire
130 3805 161 3844 sc
170 3787 298 3864 juberet,
313 3787 375 3843 sine
384 3790 465 3841 metu
474 3802 537 3842 esse
545 3789 707 3843 uenturum.
741 3781 808 3840 Non
821 3782 924 3840 timere
936 3800 972 3839 ne
985 3783 1070 3840 tidem

62 3878 153 3939 datam
166 3889 268 3940 tantus
281 3880 347 3939 Rex
360 3878 491 3939 violaret
532 3876 611 3936 Dens
623 3897 642 3934 a
656 3876 718 3936 Deo
728 3875 792 3935 falli
805 3895 862 3934 non
875 3875 976 3941 solere.
1009 3876 1070 3938 Ose-
