2592 4400
167 353 205 408 20
516 365 655 416 oursrr
684 364 823 406 cnarrr

84 515 147 578 w
167 511 319 584 majorum,
334 507 385 584 qui
405 506 555 566 universas
568 505 645 564 vires
667 523 778 582 semper
792 502 953 562 discrimini
972 502 1115 563 bellorum
1129 502 1178 562 ob·

168 605 303 662 tulerant.
347 602 388 660 Et
402 601 518 660 hercule
529 601 688 660 terribilem
699 609 785 658 antea
796 599 906 676 Regem
917 607 948 656 ot
961 601 970 628 ⁷
981 599 1112 658 absentia
1123 600 1179 655 sna

168 699 204 756 ad
226 718 328 756 vanam
348 697 481 755 fiduciam
504 696 622 770 elatum,
637 704 789 774 postquam
813 694 969 772 adventare
991 713 1021 750 se
1045 693 1178 765 senserit,

169 801 286 852 cautum
300 813 351 870 pro
366 792 516 850 temerario
528 793 650 864 factum,
661 791 811 849 delituisse
825 789 901 846 inter
912 789 1058 866 angustias
1072 788 1179 861 saltria,

168 877 229 946 ri'tu
243 888 412 965 ignobilium
426 888 560 960 ferarum,
575 907 641 965 quae
662 885 788 963 strepitu
807 874 1046 961 praetereuntium
1066 883 1179 956 audito,

104 985 315 1060 ets‘sylvarum
336 983 455 1042 latebris
470 1000 502 1040 se
521 982 718 1040 occuluerunt.
761 980 831 1038 Jam
851 980 939 1038 etiam
951 978 1128 1037 valetudinis
1142 978 1180 1035 si·

170 1066 325 1138 mulaticne
346 1077 483 1136 frustrari
497 1095 564 1135 auos
578 1076 695 1149 milites,
710 1074 761 1132 sed
780 1093 839 1132 noc
858 1075 985 1150 ampliris
1005 1074 1101 1150 ipsum
1116 1091 1194 1130 esse·
1278 1082 1281 1086 “

169 1193 320 1250 passurum
336 1172 498 1230 detrectare
512 1178 666 1230 certamen.
710 1169 746 1228 In
761 1168 813 1227 illo
828 1189 923 1246 specu,
936 1170 966 1226 in
979 1187 1065 1248 quem
1079 1167 1182 1244 paridi

170 1269 364 1342 recessissent,
380 1285 584 1350 oppressurum
599 1285 662 1326 csse
676 1265 871 1324 cunctantes.'’
913 1265 987 1322 Haeo
999 1265 1180 1341 magnificen-

171 1365 233 1422 tius
245 1367 363 1440 jactata,
372 1364 460 1440 quam
473 1362 583 1420 verius.

109 1457 202 1534 w.
236 1463 279 1518 19.
304 1458 452 1519 Oaeterirm
472 1457 595 1535 pecunia
616 1457 702 1529 omni,
716 1456 860 1534 rebusque
880 1455 1107 1532 pretiosissimis,
1122 1454 1181 1512 Da-

172 1575 300 1616 mascum
315 1554 408 1630 Syriae
422 1572 486 1610 cum
503 1552 615 1610 modico
635 1552 772 1628 praesidio
786 1552 913 1609 militum
934 1551 1039 1623 missis,
1053 1551 1183 1628 reliquas

172 1652 270 1729 copias
291 1651 320 1708 in
343 1648 475 1709 Ciliciam
495 1649 590 1721 duxit,
613 1648 832 1726 insequentibus
856 1667 935 1705 more
959 1646 1054 1724 patrio
1078 1665 1181 1723 agmen

172 1749 337 1824 conjugeet
352 1765 397 1802 ma
399 1752 451 1802 t.re
495 1743 634 1821 Virgines
656 1762 769 1822 qnoque
791 1763 857 1801 eum
880 1761 968 1819 parvo
981 1743 1042 1801 filio
1064 1743 1183 1800 comita·

172 1843 279 1904 bantur
293 1848 342 1918 pat
344 1861 411 1899 rem.
455 1839 563 1898 ⁶I¹crtb
578 1840 682 1898 eidem
695 1847 779 1898 nocte
793 1846 824 1896 et
839 1838 1007 1897 Alexander
1021 1839 1058 1897 ad
1072 1840 1180 1912 fauces,

109 1938 276 2017 cerquibus
292 1938 377 2013 Syria
391 1936 538 2010 aditur,et
526 1935 662 1994 tDarius
675 1936 712 1992 ad
723 1954 788 1992 eum
801 1935 904 2008 locum,
916 1955 1001 2014 quem
1013 1935 1183 1992 Amanicas

174 2033 272 2110 Pylos
294 2040 406 2105 vocant,
422 2031 560 2107 pervenit
607 2030 670 2088 Nec
695 2030 866 2090 dubitavere
891 2031 999 2105 Persae,
1020 2032 1091 2109 quin
1115 2031 1182 2088 Isso

173 2129 274 2188 relicta
277 2172 283 2202 ,
244 2129 537 2215 qtuamlceperant,
553 2125 726 2184 Macedones
740 2109 1002 2203 fugerentWam
1016 2126 1104 2184 etiam
1118 2142 1182 2183 sau·
1204 2151 1209 2161 ·

174 2227 213 2284 cir
204 2223 343 2303 quidam
358 2181 530 2294 etlinvalidi,
544 2222 595 2298 qui
616 2241 719 2298 agmen
740 2241 797 2279 non
821 2228 955 2297 poterant
977 2223 1121 2301 persequi,
1136 2242 1181 2279 ex·

175 2320 252 2396 cepti
274 2325 364 2377 erant.
408 2315 488 2386 Quos
511 2334 617 2389 omnes,
643 2316 784 2374 instinctu
803 2300 945 2393 pudpurat
933 2324 1037 2391 torum,
1060 2317 1182 2377 barbari

115 2416 292 2479 wlferitate
307 2412 496 2484 saevientium,
511 2410 638 2487 prseeisis
653 2411 823 2490 adustisque
843 2409 976 2474 nauibus
996 2413 1181 2484 circumduci,

174 2520 209 2569 ut
223 2510 318 2586 copias
332 2527 398 2565 suas
412 2514 579 2583 noscerent3
600 2507 730 2584 satisque
741 2508 874 2566 omnibus
889 2510 1037 2584 spectatis,
1046 2509 1183 2565 nunciare

175 2627 241 2686 quae
255 2605 405 2677 vidissent,
421 2603 498 2680 Regi
521 2620 573 2660 suo
594 2603 692 2677 jussit.
735 2602 827 2661 Motis
848 2605 917 2681 ergb
939 2605 1184 2681 eastris,snpe1·at

176 2704 315 2787 Pinarum
337 2719 458 2772 amnem,
474 2700 503 2756 in
524 2698 623 2789 tergis,
638 2706 673 2755 ut
685 2698 831 2772 credebat,
846 2698 1020 2775 fugientium
1042 2700 1182 2757 haesurus.

175 2801 219 2857 At
242 2798 295 2871 illi,
313 2816 435 2874 quorum
459 2814 527 2873 amp,
596 2801 660 2851 crat
682 2813 793 2866 manus,
812 2792 850 2851 ad
874 2802 967 2851 castra
992 2794 1185 2852 Macedonum

115 2892 335 2976 fispenetrant,
359 2781 601 3065 Dariumstln
623 2889 749 2947 maximo
773 2908 860 2947 cursu
884 2896 989 2966 posset,
1011 2891 1092 2967 sequi
1114 2911 1187 2948 nnn·

176 2990 292 3047 cientes
335 2986 396 3045 Vix
410 2986 485 3043 fides
516 2985 662 3043 abebatur.
705 2984 811 3061 Itaque
834 2981 1028 3060 speculatores
1049 2986 1080 3042 in
1101 2987 1211 3044 mari·

176 3086 261 3143 tinias
286 3082 417 3160 regiones
440 3072 603 3157 praemissos
630 3079 782 3155 explorare
800 3080 895 3155 jubet,
916 3079 977 3156 ipse
1001 3080 1125 3154 adesset,
1149 3103 1187 3139 an
1281 3075 1282 3078 ¹

175 3180 375 3259 praefectorum
390 3175 495 3253 aliquis
510 3174 633 3251 speciem
649 3175 822 3251 praebuisset
842 3175 969 3232 universi
983 3177 1125 3234 venientis
1140 3198 1187 3235 ex-

176 3276 294 3335 ercitiis.
338 3272 396 3332 Sed
410 3272 478 3328 crim
500 3271 695 3348 speculatores
709 3272 953 3343 ’reverterentuq
968 3272 1070 3347 procul
1084 3272 1188 3351 ingens
1252 3270 1257 3279 ’

116 3366 333 3431 mmultitudo
347 3373 500 3441 conspecta
513 3376 566 3424 est.
608 3364 698 3443 Ignes
712 3364 817 3422 deinde
837 3365 907 3423 totis
922 3367 1029 3441 campis
1043 3367 1188 3427 collucere

177 3456 334 3543 coeperunt,
347 3461 496 3538 omniaque
506 3461 590 3520 velut
603 3462 762 3518 continenti
775 3461 908 3518 incendic
923 3462 1024 3519 ardere
1035 3464 1107 3536 visa,
1120 3470 1188 3523 crim

178 3560 355 3619 ¹⁰incondita
376 3556 533 3615 multitudo
548 3556 673 3615 maxime
696 3564 814 3633 propter
825 3558 957 3631 jumenta
978 3556 1076 3615 laxius
1091 3562 1189 3617 tende·
1281 3581 1283 3596 ι

177 3665 229 3715 ret
272 3655 383 3761 Itaque,
393 3672 425 3711 eo
441 3652 502 3729 ipso
526 3650 588 3709 loeo
609 3651 713 3708 metari
736 3670 805 3708 snos
828 3658 923 3709 castra
942 3654 1077 3727 jusserat,
1092 3653 1189 3729 laetae,

162 3750 286 3843 ¹¹quod
309 3748 385 3807 omni
407 3753 495 3827 expet
497 3748 587 3806 iverat
607 3754 684 3819 roto,
706 3746 736 3803 in
756 3747 815 3804 illis
838 3746 1023 3857 potissimum
1046 3750 1190 3827 angustiis

117 3839 165 3895 W
176 3839 389 3906 decernendum
405 3862 476 3902 esse
