2592 4400
191 5 488 148 'habetem
511 15 629 124 coam
703 24 707 33 ’

400 276 522 528 aigeina
543 420 597 460 ιν.
626 421 711 461 car.
740 422 773 472 n.
1053 405 1092 461 47

75 579 214 618 coronam
228 579 344 618 auream
360 559 465 618 donum
478 559 609 619 victoriae
622 559 738 618 ferrent.
781 559 908 619 “Iidem
921 560 1009 637 paulo
1023 561 1098 650 ante⁸

74 655 200 714 incertae
223 649 309 714 fam‘ae
332 662 520 731 captaverant
543 675 651 729 auram,
674 663 709 712 ut
730 657 910 734 qudcumque
932 655 1091 732 pendentes
1140 642 1145 653 ’
1186 720 1216 729 „

11 737 193 816 *Animos
218 750 334 808 tulisset
361 751 485 824 fortuna,
512 758 707 828 sequerentur.
752 750 925 810 ¹⁸(laeterhm
948 771 1005 808 non
1029 751 1092 827 ipso
1105 728 1185 790 ’Ἢ

75 847 166 904 modd
181 846 248 903 Rex
262 846 361 906 obibat
374 847 469 918 urbes,
484 846 599 922 imperii
610 848 714 924 jugum
729 846 823 904 adhuc
837 854 1018 904 recusantes:
1040 846 1091 903 sed

76 941 230 1000 Praetores
254 959 366 1018 quoque
391 941 491 1018 ipsius,
510 942 620 1019 egregii
641 941 738 1014 duces,
759 941 895 1019 pleraque
918 913 1151 999 invaserant*
1266 804 1273 1017 i

77 1035 170 1095 Calas
185 1035 424 1112 Paphlagoniam,
436 1037 602 1113 Antigonus
618 1036 803 1114 Lycaoniam,
819 1036 969 1111 Balacrus,
985 1037 1091 1094 Idarne
1150 1028 1181 1063 '¹'
1272 1024 1274 1095 l

76 1119 212 1189 Praetore
223 1131 306 1189 Darii
321 1139 465 1208 superato,
478 1131 614 1188 Miletum
628 1133 722 1208 cepit:
744 1132 943 1209 Amphoterus
954 1139 984 1189 et
996 1131 1092 1208 Hege·

19 1221 190 1300 flochus,
201 1233 317 1284 centum
332 1227 483 1304 sexaginta
496 1227 613 1313 navium
627 1227 728 1301 classe,
740 1227 849 1285 insulas
863 1227 940 1285 inter
950 1227 1092 1286 Achaiam
1107 1208 1202 1271 5²0
1274 1224 1276 1299 ,

76 1329 168 1400 atque
183 1322 286 1380 Asiam
301 1322 486 1380 inditionem
502 1322 666 1380 Alexandri
680 1322 870 1401 redegerunt;
894 1323 1011 1383 Tenedo
1025 1342 1091 1401 quo
1113 1389 1131 1408 ·.
1193 1363 1196 1368 -

76 1437 136 1496 qus
158 1420 284 1493 recepte,
301 1415 403 1491 Chion,
417 1417 520 1474 incolis
544 1417 621 1475 ultrd
635 1418 815 1493 vocantibus,
831 1425 992 1476 statuerant
1012 1437 1062 1477 oco
1083 1455 1093 1465 ·
1115 1407 1135 1448 '⁸

75 1533 158 1590 pare.
202 1513 261 1572 Sed
286 1513 492 1572 Pharnabazus
516 1512 600 1590 Darii
625 1513 749 1587 Praetor,
776 1512 795 1542 ¹⁶
803 1514 1019 1590 comprehensis
1043 1439 1093 1592 qh

75 1608 180 1668 reslad
195 1608 370 1666 Macedonas
385 1607 546 1679 trahebant,
557 1610 662 1666 rursus
678 1609 847 1685 Apollonidi
858 1618 889 1666 et
900 1611 1094 1688 Athenagorae
1118 1622 1129 1643 ’

21 1703 200 1785 ‘suarum
221 1691 348 1780 paltium
367 1703 449 1774 viris,
463 1703 565 1761 urbem
586 1723 651 1761 cum
671 1705 784 1762 modico
808 1705 944 1780 praesidio
967 1695 1164 1763 militumss
1177 1683 1224 1728 f

79 1799 183 1858 tradit.
193 1815 213 1842 e
229 1798 368 1858 Praefecti
383 1798 546 1864 Alexandri
559 1799 589 1855 in
604 1799 752 1857 obsidione
766 1800 847 1858 urbis
860 1800 1093 1877 perseverabant,

51 1903 57 1912 ’
79 1896 168 1952 ¹⁷non
188 1900 247 1952 tam
269 1894 329 1952 suis
350 1895 470 1967 viribus,
485 1892 572 1972 quam
597 1895 798 1972 ipsorum-qai
818 1895 1034 1968 obsidebantur,
1048 1868 1163 1980 vol-‘¹⁴'

77 1989 202 2050 lanta-te.
247 1990 310 2048 Nec
324 1991 430 2049 fefellit
450 1991 555 2066 opinio,
598 1989 732 2067 Namque
752 1990 828 2047 inter
843 1989 1049 2066 Apollonidem
1064 1996 1095 2048 et

78 2085 171 2144 duces
183 2060 323 2142 'militum
344 2093 407 2142 orta
431 2085 544 2158 seditio,
560 2083 737 2162 irrumpendi
751 2085 782 2141 in
795 2085 897 2143 urbem
919 2085 1095 2143 occasionem
1125 2127 1197 2184 W

22 2147 213 2281 fidedits
218 2179 350 2259 (irimque
371 2183 454 2259 parth
469 2181 588 2239 effracta
609 2182 712 2240 cohors
734 2179 926 2239 Macedonum
946 2157 1249 2304 intrasset,3⁴›⁴i⁴2,

79 2277 229 2355 oppidani,
244 2278 312 2335 olim
334 2277 454 2335 oonsflio
474 2276 647 2353 proditionis
669 2278 788 2354 agitato,
803 2284 962 2354 aggregant
982 2296 1012 2334 se
1028 2279 1095 2334 Am·
1147 2239 1200 2307 W
1235 2281 1279 2300 ⁴*

79 2373 204 2451 photero
216 2385 246 2430 et
258 2372 441 2450 Hegelocho,
465 2372 678 2449 Persarumque
691 2372 828 2448 praesidio
839 2391 922 2445 caeso,
938 2372 959 2399 ¹⁸
968 2354 1151 2429 Pharna-⁹
1240 2366 1246 2375 '

82 2468 172 2539 bazus
193 2487 258 2525 curn
279 2450 457 2544 Apollonide
479 2476 509 2525 et
530 2468 720 2546 Athenagora
739 2468 830 2527 vincti
852 2468 1023 2526 traduntur:
1054 2468 1098 2526 xii

69 2562 218 2623 -triremes
232 2582 297 2619 oum
312 2582 365 2621 suo
380 2562 473 2620 milite
488 2582 521 2620 ao
534 2564 653 2640 remige,
665 2570 832 2639 praetereas
843 2564 985 2641 tringinta
998 2562 1098 2620 inanes
1216 2620 1218 2625 ,

29 2628 117 2719 ’δῖ
128 2656 246 2735 piratici
267 2657 365 2731 lembi,
382 2644 614 2736 Graecorumque-¹
627 2659 686 2715 tria
705 2657 799 2715 millia
812 2678 830 2715 a
844 2658 945 2716 Persis
964 2657 1099 2715 mercede
1109 2601 1249 2701 553(—

23 2756 27 2767 '
82 2752 236 2813 eonducta.
281 2751 339 2810 His
354 2754 372 2781 ¹⁹
383 2752 413 2811 in
428 2752 661 2829 supplementum
672 2753 817 2828 copiarum
832 2770 948 2808 suarum
964 2752 1099 2809 distribu-

82 2848 133 2921 tis,
145 2846 305 2925 piratisque
316 2847 458 2925 supplioio
470 2848 589 2923 affectis,
599 2847 729 2924 captivos
740 2847 864 2924 remiges
872 2846 1004 2923 adjecere
1013 2814 1158 2903 olassr'fl

84 2962 154 3002 suae.
750 2956 889 2987 *w*
1167 2952 1181 2980 ‘

148 3041 195 3095 22.
229 3036 318 3096 Forte
344 3036 532 3095 Aristonicus
560 3036 823 3114 Methymnaeorum
847 3036 1010 3113 Tyrannus,
1034 3056 1101 3095 cum

29 3100 217 3208 *piraticis
238 3132 370 3206 navibus,
384 3132 501 3209 ignarus
515 3132 643 3190 omnium
658 3152 724 3210 quae
745 3132 780 3188 ad
797 3130 903 3190 (lhium
923 3138 988 3189 acta
1008 3146 1100 3197 erant.
1122 3086 1225 3167 lyd

86 3223 181 3304 primii
196 3226 297 3305 vigilia
311 3227 348 3285 ad
367 3230 471 3305 portus
492 3228 622 3286 claustra
642 3227 796 3285 successit:
818 3227 1101 3305 interrogatusquea

86 3322 266 3399 custodibus,
276 3323 364 3400 “quis
375 3330 465 3399 esset,
483 3323 682 3381 Aristonicum
695 3323 733 3381 ad
745 3322 965 3381 Pharnabazum
975 3323 1100 3395 venire,”
1120 3302 1163 3379 0

33 3451 38 3460 ·
87 3418 247 3499 respondit.
290 3418 342 3477 Illi
358 3418 606 3478 “Pharnabazum
620 3418 735 3496 quidem
754 3420 815 3494 jam
828 3418 985 3495 quiescere,
1001 3424 1101 3475 etnon

87 3499 173 3592 posse
187 3521 251 3571 tum
266 3513 349 3590 adiri,
363 3516 501 3573 caeterum
524 3520 624 3590 patera
638 3514 716 3572 socio
738 3521 824 3590 atque
846 3512 954 3589 hospiti
976 3520 1101 3588 portum,

33 3592 117 3669 fiel
131 3618 249 3697 postero
264 3609 311 3667 die
325 3610 346 3637 ²⁰
355 3610 535 3668 Pharnabazi
556 3609 668 3686 copiam
682 3610 765 3666 fore”
780 3608 929 3665 affirmant.
974 3607 1036 3664 Neo
1051 3596 1179 3679 du-f‘l
1190 3605 1238 3653 Γ

25 3778 27 3790 ³
89 3702 196 3765 hita'vit
209 3705 396 3763 Aristonicus
406 3705 515 3781 primus
526 3705 642 3763 intrare.
687 3703 786 3763 Secuti
798 3711 866 3760 sunt
877 3703 977 3760 ducem
988 3702 1102 3778 piratici

89 3801 194 3875 lembi;
217 3820 252 3859 ao
267 3800 334 3858 dnm
349 3800 497 3878 applicant
517 3799 632 3875 navigia
641 3790 788 3875 ‘o'rtapidini
808 3802 921 3875 portus,
936 3796 1073 3872 objicitur
1086 3778 1165 3853 aff

26 3892 28 3901 '
91 3896 230 3974 vigilibus
245 3893 414 3968 claustram,
428 3902 459 3951 et
472 3893 522 3971 qui
537 3894 663 3970 proximi
684 3892 874 3963 excubabant,
890 3892 926 3948 ab
939 3890 1043 3948 iisdem
1057 3910 1103 3948 ex·
1177 3888 1180 3894 ’
