<?xml version="1.0" encoding="UTF-8"?>
<!DOCTYPE html PUBLIC "-//W3C//DTD XHTML 1.0 Transitional//EN"
    "http://www.w3.org/TR/xhtml1/DTD/xhtml1-transitional.dtd">
<html xmlns="http://www.w3.org/1999/xhtml" xml:lang="en" lang="en">
 <head>
  <title>
</title>
<meta http-equiv="Content-Type" content="text/html;charset=utf-8" />
  <meta name='ocr-system' content='tesseract 3.04.00' />
  <meta name='ocr-capabilities' content='ocr_page ocr_carea ocr_par ocr_line ocrx_word'/>
</head>
<body>
  <div class='ocr_page' id='page_1' title='image "./quintuscurtiusr00crosgoog_0061.png"; bbox 0 0 2592 4400; ppageno 0'>
   <div class='ocr_carea' id='block_1_1' title="bbox 204 385 859 450">
    <p class='ocr_par' dir='ltr' id='par_1_1' title="bbox 204 385 859 450">
     <span class='ocr_line' id='line_1_1' title="bbox 204 385 859 450; baseline -0.003 -8"><span class='ocrx_word' id='word_1_1' title='bbox 204 385 241 443; x_wconf 81' lang='lat' dir='ltr'>ts</span> <span class='ocrx_word' id='word_1_2' title='bbox 554 401 693 450; x_wconf 79' lang='lat' dir='ltr'>Qctnrr</span> <span class='ocrx_word' id='word_1_3' title='bbox 720 402 859 443; x_wconf 79' lang='lat' dir='ltr'>curru</span> 
     </span>
    </p>
   </div>
   <div class='ocr_carea' id='block_1_2' title="bbox 121 525 1284 1008">
    <p class='ocr_par' dir='ltr' id='par_1_2' title="bbox 121 525 1231 717">
     <span class='ocr_line' id='line_1_2' title="bbox 202 525 1231 620; baseline 0.004 -20"><span class='ocrx_word' id='word_1_4' title='bbox 202 539 346 600; x_wconf 85' lang='lat' dir='ltr'>citantur:</span> <span class='ocrx_word' id='word_1_5' title='bbox 374 525 512 618; x_wconf 77' lang='lat' dir='ltr'>nulloque</span> <span class='ocrx_word' id='word_1_6' title='bbox 536 559 572 598; x_wconf 89' lang='lat' dir='ltr'>ex</span> <span class='ocrx_word' id='word_1_7' title='bbox 592 539 637 598; x_wconf 87' lang='lat' dir='ltr'>his</span> <span class='ocrx_word' id='word_1_8' title='bbox 663 561 733 602; x_wconf 85' lang='lat' dir='ltr'>auso</span> <span class='ocrx_word' id='word_1_9' title='bbox 755 561 925 620; x_wconf 85' lang='lat' dir='ltr'>repugnare,</span> <span class='ocrx_word' id='word_1_10' title='bbox 946 543 1080 603; x_wconf 84' lang='lat' dir='ltr'>omnibus</span> <span class='ocrx_word' id='word_1_11' title='bbox 1104 550 1231 604; x_wconf 86' lang='lat' dir='ltr'>catenae</span> 
     </span>
     <span class='ocr_line' id='line_1_3' title="bbox 121 622 1227 717; baseline 0.003 -23"><span class='ocrx_word' id='word_1_12' title='bbox 121 622 319 712; x_wconf 64' lang='lat' dir='ltr'>fflinjeetae</span> <span class='ocrx_word' id='word_1_13' title='bbox 343 644 427 693; x_wconf 88' lang='lat' dir='ltr'>sunt:</span> <span class='ocrx_word' id='word_1_14' title='bbox 456 637 636 713; x_wconf 82' lang='lat' dir='ltr'>Amphotero</span> <span class='ocrx_word' id='word_1_15' title='bbox 664 634 777 713; x_wconf 76' lang='lat' dir='ltr'>deinde,</span> <span class='ocrx_word' id='word_1_16' title='bbox 800 637 1024 717; x_wconf 67' lang='lat' dir='ltr'>Hegelochoque</span> <span class='ocrx_word' id='word_1_17' title='bbox 1049 639 1227 697; x_wconf 86' lang='lat' dir='ltr'>traduntur.</span> 
     </span>
    </p>

    <p class='ocr_par' dir='ltr' id='par_1_3' title="bbox 204 708 1284 810">
     <span class='ocr_line' id='line_1_4' title="bbox 204 708 1284 810; baseline 0.002 -22"><span class='ocrx_word' id='word_1_18' title='bbox 204 729 284 788; x_wconf 92' lang='lat' dir='ltr'>Hinc</span> <span class='ocrx_word' id='word_1_19' title='bbox 296 731 469 790; x_wconf 79' lang='lat' dir='ltr'><strong>Macedones</strong></span> <span class='ocrx_word' id='word_1_20' title='bbox 483 731 624 789; x_wconf 76' lang='lat' dir='ltr'>transiere</span> <span class='ocrx_word' id='word_1_21' title='bbox 639 732 821 810; x_wconf 83' lang='lat' dir='ltr'>Mitylenem,</span> <span class='ocrx_word' id='word_1_22' title='bbox 833 733 922 810; x_wconf 68' lang='lat' dir='ltr'>qu‘am</span> <span class='ocrx_word' id='word_1_23' title='bbox 934 731 1043 792; x_wconf 80' lang='lat' dir='ltr'>(lharee</span> <span class='ocrx_word' id='word_1_24' title='bbox 1055 734 1229 792; x_wconf 84' lang='lat' dir='ltr'>Athenien·</span> <span class='ocrx_word' id='word_1_25' title='bbox 1243 708 1284 756; x_wconf 44' lang='grc' dir='ltr'>τ’</span> 
     </span>
    </p>

    <p class='ocr_par' dir='ltr' id='par_1_4' title="bbox 129 825 1228 1008">
     <span class='ocr_line' id='line_1_5' title="bbox 204 825 1228 904; baseline 0.004 -22"><span class='ocrx_word' id='word_1_26' title='bbox 204 825 244 884; x_wconf 82' lang='lat' dir='ltr'>sis</span> <span class='ocrx_word' id='word_1_27' title='bbox 258 846 349 903; x_wconf 85' lang='lat' dir='ltr'>nuper</span> <span class='ocrx_word' id='word_1_28' title='bbox 359 835 527 903; x_wconf 87' lang='lat' dir='ltr'>occupatam</span> <span class='ocrx_word' id='word_1_29' title='bbox 542 827 664 884; x_wconf 87' lang='lat' dir='ltr'>duorum</span> <span class='ocrx_word' id='word_1_30' title='bbox 678 828 801 886; x_wconf 89' lang='lat' dir='ltr'>millium</span> <span class='ocrx_word' id='word_1_31' title='bbox 818 828 973 885; x_wconf 75' lang='lat' dir='ltr'>Persarum</span> <span class='ocrx_word' id='word_1_32' title='bbox 988 829 1124 904; x_wconf 69' lang='lat' dir='ltr'>prasidio</span> <span class='ocrx_word' id='word_1_33' title='bbox 1136 837 1228 886; x_wconf 88' lang='lat' dir='ltr'>tene-</span> 
     </span>
     <span class='ocr_line' id='line_1_6' title="bbox 129 913 1227 1008; baseline -0.002 -26"><span class='ocrx_word' id='word_1_34' title='bbox 129 913 267 1008; x_wconf 51' lang='lat' dir='ltr'>‚bah</span> <span class='ocrx_word' id='word_1_35' title='bbox 290 923 341 980; x_wconf 91' lang='lat' dir='ltr'>sed</span> <span class='ocrx_word' id='word_1_36' title='bbox 361 923 428 980; x_wconf 82' lang='lat' dir='ltr'>edm</span> <span class='ocrx_word' id='word_1_37' title='bbox 450 921 627 980; x_wconf 84' lang='lat' dir='ltr'>obsidionem</span> <span class='ocrx_word' id='word_1_38' title='bbox 650 923 775 981; x_wconf 88' lang='lat' dir='ltr'>tolerare</span> <span class='ocrx_word' id='word_1_39' title='bbox 796 941 854 980; x_wconf 87' lang='lat' dir='ltr'>non</span> <span class='ocrx_word' id='word_1_40' title='bbox 876 930 984 1000; x_wconf 87' lang='lat' dir='ltr'>posset,</span> <span class='ocrx_word' id='word_1_41' title='bbox 998 924 1070 982; x_wconf 88' lang='lat' dir='ltr'>urbe</span> <span class='ocrx_word' id='word_1_42' title='bbox 1094 923 1227 996; x_wconf 61' lang='lat' dir='ltr'>tradite,</span> 
     </span>
    </p>
   </div>
   <div class='ocr_carea' id='block_1_3' title="bbox 63 1015 1284 3942">
    <p class='ocr_par' dir='ltr' id='par_1_5' title="bbox 63 1015 1284 3942">
     <span class='ocr_line' id='line_1_7' title="bbox 202 1015 1227 1094; baseline 0.001 -20"><span class='ocrx_word' id='word_1_43' title='bbox 202 1023 314 1093; x_wconf 88' lang='lat' dir='ltr'>pactus,</span> <span class='ocrx_word' id='word_1_44' title='bbox 326 1024 360 1075; x_wconf 89' lang='lat' dir='ltr'>ut</span> <span class='ocrx_word' id='word_1_45' title='bbox 374 1017 509 1076; x_wconf 88' lang='lat' dir='ltr'>incolumi</span> <span class='ocrx_word' id='word_1_46' title='bbox 524 1017 601 1076; x_wconf 88' lang='lat' dir='ltr'>abire</span> <span class='ocrx_word' id='word_1_47' title='bbox 612 1015 726 1091; x_wconf 87' lang='lat' dir='ltr'>liceret,</span> <span class='ocrx_word' id='word_1_48' title='bbox 739 1017 869 1075; x_wconf 87' lang='lat' dir='ltr'>Imbrum</span> <span class='ocrx_word' id='word_1_49' title='bbox 882 1017 973 1094; x_wconf 74' lang='lat' dir='ltr'>petit,</span> <span class='ocrx_word' id='word_1_50' title='bbox 996 1016 1103 1075; x_wconf 85' lang='lat' dir='ltr'>deditis</span> <span class='ocrx_word' id='word_1_51' title='bbox 1119 1017 1227 1075; x_wconf 87' lang='lat' dir='ltr'>Maee-</span> 
     </span>
     <span class='ocr_line' id='line_1_8' title="bbox 129 1106 501 1188; baseline -0.013 -15"><span class='ocrx_word' id='word_1_52' title='bbox 129 1106 291 1182; x_wconf 67' lang='lat' dir='ltr'>ffldcnes</span> <span class='ocrx_word' id='word_1_53' title='bbox 305 1117 501 1188; x_wconf 89' lang='lat' dir='ltr'>pepercerunt.</span> 
     </span>
     <span class='ocr_line' id='line_1_9' title="bbox 124 1197 1270 1283; baseline -0.003 -18"><span class='ocrx_word' id='word_1_54' title='bbox 124 1217 132 1232; x_wconf 85' lang='grc'><em>’</em></span> <span class='ocrx_word' id='word_1_55' title='bbox 262 1205 318 1264; x_wconf 86' lang='lat' dir='ltr'>VI.</span> <span class='ocrx_word' id='word_1_56' title='bbox 342 1210 389 1264; x_wconf 81' lang='lat'>23.</span> <span class='ocrx_word' id='word_1_57' title='bbox 413 1205 529 1277; x_wconf 88' lang='lat' dir='ltr'>Darius,</span> <span class='ocrx_word' id='word_1_58' title='bbox 551 1204 704 1280; x_wconf 76' lang='lat' dir='ltr'>desperata</span> <span class='ocrx_word' id='word_1_59' title='bbox 724 1223 802 1282; x_wconf 89' lang='lat' dir='ltr'>pace,</span> <span class='ocrx_word' id='word_1_60' title='bbox 823 1224 909 1283; x_wconf 89' lang='lat' dir='ltr'>quam</span> <span class='ocrx_word' id='word_1_61' title='bbox 928 1223 981 1282; x_wconf 93' lang='lat' dir='ltr'>per</span> <span class='ocrx_word' id='word_1_62' title='bbox 1001 1205 1116 1263; x_wconf 83' lang='lat' dir='ltr'>litteras</span> <span class='ocrx_word' id='word_1_63' title='bbox 1136 1197 1270 1281; x_wconf 55' lang='lat' dir='ltr'>legal</span> 
     </span>
     <span class='ocr_line' id='line_1_10' title="bbox 63 1283 1228 1454; baseline -0.003 -95"><span class='ocrx_word' id='word_1_64' title='bbox 63 1307 68 1324; x_wconf 79' lang='lat'><em>¹</em></span> <span class='ocrx_word' id='word_1_65' title='bbox 137 1283 306 1454; x_wconf 34' lang='lat' dir='ltr'>Resque</span> <span class='ocrx_word' id='word_1_66' title='bbox 330 1301 480 1377; x_wconf 90' lang='lat' dir='ltr'>impetrari</span> <span class='ocrx_word' id='word_1_67' title='bbox 503 1319 587 1377; x_wconf 85' lang='lat' dir='ltr'>pesae</span> <span class='ocrx_word' id='word_1_68' title='bbox 611 1301 783 1374; x_wconf 71' lang='lat' dir='ltr'>crediderat,</span> <span class='ocrx_word' id='word_1_69' title='bbox 804 1301 842 1359; x_wconf 90' lang='lat' dir='ltr'>ad</span> <span class='ocrx_word' id='word_1_70' title='bbox 861 1300 1036 1378; x_wconf 88' lang='lat' dir='ltr'>reparandas</span> <span class='ocrx_word' id='word_1_71' title='bbox 1055 1299 1143 1374; x_wconf 82' lang='lat' dir='ltr'>vires,</span> <span class='ocrx_word' id='word_1_72' title='bbox 1158 1299 1228 1359; x_wconf 89' lang='lat' dir='ltr'>bel·</span> 
     </span>
     <span class='ocr_line' id='line_1_11' title="bbox 97 1379 1226 1474; baseline -0.002 -20"><span class='ocrx_word' id='word_1_73' title='bbox 97 1379 100 1386; x_wconf 22' lang='grc' dir='ltr'><strong>Δ</strong></span> <span class='ocrx_word' id='word_1_74' title='bbox 139 1379 144 1390; x_wconf 58' lang='grc'><strong>’</strong></span> <span class='ocrx_word' id='word_1_75' title='bbox 204 1395 321 1474; x_wconf 90' lang='lat' dir='ltr'>lumque</span> <span class='ocrx_word' id='word_1_76' title='bbox 335 1396 457 1474; x_wconf 76' lang='lat' dir='ltr'>impigre</span> <span class='ocrx_word' id='word_1_77' title='bbox 478 1397 676 1454; x_wconf 88' lang='lat' dir='ltr'>renovandum</span> <span class='ocrx_word' id='word_1_78' title='bbox 701 1396 828 1454; x_wconf 88' lang='lat' dir='ltr'>intendit</span> <span class='ocrx_word' id='word_1_79' title='bbox 852 1397 987 1454; x_wconf 89' lang='lat' dir='ltr'>animum.</span> <span class='ocrx_word' id='word_1_80' title='bbox 1030 1395 1128 1453; x_wconf 90' lang='lat' dir='ltr'>Duces</span> <span class='ocrx_word' id='word_1_81' title='bbox 1143 1397 1226 1473; x_wconf 67' lang='lat' dir='ltr'>ergo</span> 
     </span>
     <span class='ocr_line' id='line_1_12' title="bbox 204 1474 1226 1568; baseline -0.001 -21"><span class='ocrx_word' id='word_1_82' title='bbox 204 1474 350 1566; x_wconf 88' lang='lat' dir='ltr'>copiarum</span> <span class='ocrx_word' id='word_1_83' title='bbox 361 1489 551 1566; x_wconf 82' lang='lat' dir='ltr'>Babyloniam</span> <span class='ocrx_word' id='word_1_84' title='bbox 561 1491 724 1565; x_wconf 82' lang='lat' dir='ltr'>convenire,</span> <span class='ocrx_word' id='word_1_85' title='bbox 736 1491 860 1549; x_wconf 89' lang='lat' dir='ltr'>Bessum</span> <span class='ocrx_word' id='word_1_86' title='bbox 870 1509 982 1568; x_wconf 86' lang='lat' dir='ltr'>quoqne</span> <span class='ocrx_word' id='word_1_87' title='bbox 993 1489 1226 1548; x_wconf 75' lang='lat' dir='ltr'>Bactrianorum</span> 
     </span>
     <span class='ocr_line' id='line_1_13' title="bbox 141 1568 1225 1664; baseline -0.005 -15"><span class='ocrx_word' id='word_1_88' title='bbox 141 1568 368 1662; x_wconf 66' lang='lat' dir='ltr'>slepraetorem,</span> <span class='ocrx_word' id='word_1_89' title='bbox 384 1586 472 1664; x_wconf 75' lang='lat' dir='ltr'>quam</span> <span class='ocrx_word' id='word_1_90' title='bbox 496 1585 621 1644; x_wconf 83' lang='lat' dir='ltr'>maximo</span> <span class='ocrx_word' id='word_1_91' title='bbox 644 1594 742 1663; x_wconf 89' lang='lat' dir='ltr'>posset</span> <span class='ocrx_word' id='word_1_92' title='bbox 763 1586 894 1644; x_wconf 87' lang='lat' dir='ltr'>exercitu</span> <span class='ocrx_word' id='word_1_93' title='bbox 917 1592 1025 1659; x_wconf 80' lang='lat' dir='ltr'>coacte,</span> <span class='ocrx_word' id='word_1_94' title='bbox 1040 1585 1225 1644; x_wconf 75' lang='lat' dir='ltr'>demandare</span> 
     </span>
     <span class='ocr_line' id='line_1_14' title="bbox 180 1679 1267 1758; baseline -0.002 -20"><span class='ocrx_word' id='word_1_95' title='bbox 180 1681 242 1738; x_wconf 78' lang='lat' dir='ltr'>=ad</span> <span class='ocrx_word' id='word_1_96' title='bbox 258 1700 288 1739; x_wconf 90' lang='lat' dir='ltr'>se</span> <span class='ocrx_word' id='word_1_97' title='bbox 299 1681 390 1757; x_wconf 88' lang='lat' dir='ltr'>jubet.</span> <span class='ocrx_word' id='word_1_98' title='bbox 434 1681 510 1740; x_wconf 86' lang='lat' dir='ltr'>Sunt</span> <span class='ocrx_word' id='word_1_99' title='bbox 524 1687 621 1740; x_wconf 85' lang='lat' dir='ltr'>antem</span> <span class='ocrx_word' id='word_1_100' title='bbox 639 1680 790 1739; x_wconf 73' lang='lat' dir='ltr'>Bactriani</span> <span class='ocrx_word' id='word_1_101' title='bbox 803 1681 887 1738; x_wconf 88' lang='lat' dir='ltr'>&#39;inter</span> <span class='ocrx_word' id='word_1_102' title='bbox 899 1680 965 1738; x_wconf 91' lang='lat' dir='ltr'>illas</span> <span class='ocrx_word' id='word_1_103' title='bbox 984 1687 1087 1758; x_wconf 88' lang='lat' dir='ltr'>gentes</span> <span class='ocrx_word' id='word_1_104' title='bbox 1101 1679 1267 1758; x_wconf 72' lang='lat' dir='ltr'>promp·&#39;⁷</span> 
     </span>
     <span class='ocr_line' id='line_1_15' title="bbox 206 1770 1226 1854; baseline -0.001 -21"><span class='ocrx_word' id='word_1_105' title='bbox 206 1770 321 1851; x_wconf 86' lang='lat' dir='ltr'>tis&#39;simi,</span> <span class='ocrx_word' id='word_1_106' title='bbox 335 1775 461 1834; x_wconf 83' lang='lat' dir='ltr'>horridis</span> <span class='ocrx_word' id='word_1_107' title='bbox 479 1776 611 1854; x_wconf 86' lang='lat' dir='ltr'>ingeniis,</span> <span class='ocrx_word' id='word_1_108' title='bbox 626 1776 809 1853; x_wconf 79' lang='lat' dir='ltr'>multrlmqne</span> <span class='ocrx_word' id='word_1_109' title='bbox 822 1794 841 1832; x_wconf 86' lang='lat' dir='ltr'>a</span> <span class='ocrx_word' id='word_1_110' title='bbox 854 1775 1010 1834; x_wconf 77' lang='lat' dir='ltr'>Persarum</span> <span class='ocrx_word' id='word_1_111' title='bbox 1029 1773 1102 1832; x_wconf 81' lang='lat' dir='ltr'>luxu</span> <span class='ocrx_word' id='word_1_112' title='bbox 1116 1774 1226 1834; x_wconf 85' lang='lat' dir='ltr'>abhor-</span> 
     </span>
     <span class='ocr_line' id='line_1_16' title="bbox 133 1865 1226 1948; baseline -0.004 -18"><span class='ocrx_word' id='word_1_113' title='bbox 133 1865 355 1946; x_wconf 50' lang='lat' dir='ltr'>fflrentibue:</span> <span class='ocrx_word' id='word_1_114' title='bbox 377 1870 427 1930; x_wconf 90' lang='lat' dir='ltr'>siti</span> <span class='ocrx_word' id='word_1_115' title='bbox 441 1870 519 1929; x_wconf 89' lang='lat' dir='ltr'>haud</span> <span class='ocrx_word' id='word_1_116' title='bbox 533 1871 634 1947; x_wconf 88' lang='lat' dir='ltr'>procul</span> <span class='ocrx_word' id='word_1_117' title='bbox 649 1869 823 1946; x_wconf 86' lang='lat' dir='ltr'>Scytharum</span> <span class='ocrx_word' id='word_1_118' title='bbox 842 1869 1061 1930; x_wconf 78' lang='lat' dir='ltr'>bellicosissima</span> <span class='ocrx_word' id='word_1_119' title='bbox 1075 1875 1174 1948; x_wconf 88' lang='lat' dir='ltr'>gente,</span> <span class='ocrx_word' id='word_1_120' title='bbox 1190 1875 1226 1928; x_wconf 90' lang='lat' dir='ltr'>et</span> 
     </span>
     <span class='ocr_line' id='line_1_17' title="bbox 205 1949 1224 2044; baseline -0.002 -20"><span class='ocrx_word' id='word_1_121' title='bbox 205 1949 289 2044; x_wconf 83' lang='lat' dir='ltr'>rapto</span> <span class='ocrx_word' id='word_1_122' title='bbox 302 1968 399 2026; x_wconf 81' lang='lat' dir='ltr'>vivere</span> <span class='ocrx_word' id='word_1_123' title='bbox 413 1966 530 2039; x_wconf 87' lang='lat' dir='ltr'>assueti,</span> <span class='ocrx_word' id='word_1_124' title='bbox 546 1982 659 2043; x_wconf 85' lang='lat' dir='ltr'>semper</span> <span class='ocrx_word' id='word_1_125' title='bbox 672 1965 702 2022; x_wconf 90' lang='lat' dir='ltr'>in</span> <span class='ocrx_word' id='word_1_126' title='bbox 718 1965 805 2022; x_wconf 88' lang='lat' dir='ltr'>armis</span> <span class='ocrx_word' id='word_1_127' title='bbox 819 1971 909 2022; x_wconf 87' lang='lat' dir='ltr'>crant.</span> <span class='ocrx_word' id='word_1_128' title='bbox 953 1963 1011 2024; x_wconf 84' lang='lat' dir='ltr'>Sed</span> <span class='ocrx_word' id='word_1_129' title='bbox 1025 1963 1144 2038; x_wconf 88' lang='lat' dir='ltr'>Bessus,</span> <span class='ocrx_word' id='word_1_130' title='bbox 1158 1983 1224 2023; x_wconf 88' lang='lat' dir='ltr'>sus·</span> 
     </span>
     <span class='ocr_line' id='line_1_18' title="bbox 109 2049 1283 2154; baseline -0.003 -32"><span class='ocrx_word' id='word_1_131' title='bbox 109 2140 111 2148; x_wconf 18' lang='lat' dir='ltr'><em>s</em></span> <span class='ocrx_word' id='word_1_132' title='bbox 146 2049 291 2139; x_wconf 69' lang='lat' dir='ltr'>Wpeem</span> <span class='ocrx_word' id='word_1_133' title='bbox 306 2062 436 2139; x_wconf 75' lang='lat' dir='ltr'>perfidiat,</span> <span class='ocrx_word' id='word_1_134' title='bbox 451 2061 528 2119; x_wconf 90' lang='lat' dir='ltr'>haud</span> <span class='ocrx_word' id='word_1_135' title='bbox 543 2063 610 2118; x_wconf 76' lang='lat' dir='ltr'>sane</span> <span class='ocrx_word' id='word_1_136' title='bbox 625 2080 709 2138; x_wconf 83' lang='lat' dir='ltr'>aequo</span> <span class='ocrx_word' id='word_1_137' title='bbox 728 2058 823 2117; x_wconf 89' lang='lat' dir='ltr'>anime</span> <span class='ocrx_word' id='word_1_138' title='bbox 838 2059 869 2117; x_wconf 90' lang='lat' dir='ltr'>in</span> <span class='ocrx_word' id='word_1_139' title='bbox 883 2059 1008 2118; x_wconf 88' lang='lat' dir='ltr'>secundo</span> <span class='ocrx_word' id='word_1_140' title='bbox 1022 2079 1053 2117; x_wconf 88' lang='lat' dir='ltr'>se</span> <span class='ocrx_word' id='word_1_141' title='bbox 1066 2059 1283 2154; x_wconf 55' lang='lat' dir='ltr'>continens-¹</span> 
     </span>
     <span class='ocr_line' id='line_1_19' title="bbox 113 2149 1234 2235; baseline -0.001 -20"><span class='ocrx_word' id='word_1_142' title='bbox 113 2149 114 2152; x_wconf 27' lang='lat'>¹</span> <span class='ocrx_word' id='word_1_143' title='bbox 187 2156 308 2235; x_wconf 77' lang='lat' dir='ltr'>gradu,</span> <span class='ocrx_word' id='word_1_144' title='bbox 330 2157 441 2235; x_wconf 86' lang='lat' dir='ltr'>Regem</span> <span class='ocrx_word' id='word_1_145' title='bbox 456 2156 592 2215; x_wconf 87' lang='lat' dir='ltr'>terrebat.</span> <span class='ocrx_word' id='word_1_146' title='bbox 635 2155 665 2215; x_wconf 92' lang='lat' dir='ltr'>N</span> <span class='ocrx_word' id='word_1_147' title='bbox 667 2175 712 2213; x_wconf 89' lang='lat' dir='ltr'>am</span> <span class='ocrx_word' id='word_1_148' title='bbox 725 2155 794 2213; x_wconf 79' lang='lat' dir='ltr'>crim</span> <span class='ocrx_word' id='word_1_149' title='bbox 815 2173 936 2233; x_wconf 89' lang='lat' dir='ltr'>regnum</span> <span class='ocrx_word' id='word_1_150' title='bbox 950 2154 1107 2229; x_wconf 83' lang='lat' dir='ltr'>affectaret,</span> <span class='ocrx_word' id='word_1_151' title='bbox 1121 2151 1234 2232; x_wconf 60' lang='lat' dir='ltr'>prodi?</span> 
     </span>
     <span class='ocr_line' id='line_1_20' title="bbox 207 2249 1246 2330; baseline 0 -21"><span class='ocrx_word' id='word_1_152' title='bbox 207 2253 258 2328; x_wconf 90' lang='lat' dir='ltr'>tio,</span> <span class='ocrx_word' id='word_1_153' title='bbox 271 2254 329 2330; x_wconf 77' lang='lat' dir='ltr'>quel</span> <span class='ocrx_word' id='word_1_154' title='bbox 344 2250 406 2311; x_wconf 71' lang='lat' dir='ltr'>ecla</span> <span class='ocrx_word' id='word_1_155' title='bbox 421 2251 452 2309; x_wconf 93' lang='lat' dir='ltr'>id</span> <span class='ocrx_word' id='word_1_156' title='bbox 466 2251 580 2329; x_wconf 84' lang='lat' dir='ltr'>assequi</span> <span class='ocrx_word' id='word_1_157' title='bbox 594 2258 718 2328; x_wconf 89' lang='lat' dir='ltr'>poterat,</span> <span class='ocrx_word' id='word_1_158' title='bbox 733 2250 898 2309; x_wconf 86' lang='lat' dir='ltr'>timebatur.</span> <span class='ocrx_word' id='word_1_159' title='bbox 942 2252 950 2278; x_wconf 91' lang='lat'>¹</span> <span class='ocrx_word' id='word_1_160' title='bbox 963 2249 1112 2309; x_wconf 74' lang='lat' dir='ltr'>Caeterum</span> <span class='ocrx_word' id='word_1_161' title='bbox 1126 2250 1224 2309; x_wconf 82' lang='lat' dir='ltr'>Alex·</span> <span class='ocrx_word' id='word_1_162' title='bbox 1239 2274 1246 2283; x_wconf 92' lang='lat'><em>·</em></span> 
     </span>
     <span class='ocr_line' id='line_1_21' title="bbox 144 2345 1283 2425; baseline -0.002 -20"><span class='ocrx_word' id='word_1_163' title='bbox 144 2346 306 2422; x_wconf 59' lang='lat' dir='ltr'>madar,</span> <span class='ocrx_word' id='word_1_164' title='bbox 319 2365 405 2425; x_wconf 87' lang='lat' dir='ltr'>quam</span> <span class='ocrx_word' id='word_1_165' title='bbox 427 2346 573 2425; x_wconf 84' lang='lat' dir='ltr'>regionem</span> <span class='ocrx_word' id='word_1_166' title='bbox 594 2346 701 2405; x_wconf 88' lang='lat' dir='ltr'>Darius</span> <span class='ocrx_word' id='word_1_167' title='bbox 722 2345 863 2423; x_wconf 89' lang='lat' dir='ltr'>petiisset,</span> <span class='ocrx_word' id='word_1_168' title='bbox 878 2345 956 2403; x_wconf 89' lang='lat' dir='ltr'>omni</span> <span class='ocrx_word' id='word_1_169' title='bbox 975 2350 1046 2403; x_wconf 74' lang='lat' dir='ltr'>cura</span> <span class='ocrx_word' id='word_1_170' title='bbox 1059 2346 1222 2423; x_wconf 77' lang='lat' dir='ltr'>vestigans,</span> <span class='ocrx_word' id='word_1_171' title='bbox 1282 2363 1283 2370; x_wconf 54' lang='lat'>¹</span> 
     </span>
     <span class='ocr_line' id='line_1_22' title="bbox 208 2440 1284 2542; baseline -0.003 -41"><span class='ocrx_word' id='word_1_172' title='bbox 208 2450 304 2501; x_wconf 87' lang='lat' dir='ltr'>tamen</span> <span class='ocrx_word' id='word_1_173' title='bbox 319 2441 471 2518; x_wconf 86' lang='lat' dir='ltr'>explorare</span> <span class='ocrx_word' id='word_1_174' title='bbox 485 2461 542 2499; x_wconf 90' lang='lat' dir='ltr'>non</span> <span class='ocrx_word' id='word_1_175' title='bbox 556 2448 680 2517; x_wconf 88' lang='lat' dir='ltr'>poterat,</span> <span class='ocrx_word' id='word_1_176' title='bbox 694 2459 774 2498; x_wconf 87' lang='lat' dir='ltr'>mere</span> <span class='ocrx_word' id='word_1_177' title='bbox 790 2440 914 2517; x_wconf 88' lang='lat' dir='ltr'>quodam</span> <span class='ocrx_word' id='word_1_178' title='bbox 935 2440 1100 2514; x_wconf 88' lang='lat' dir='ltr'>Persarum,</span> <span class='ocrx_word' id='word_1_179' title='bbox 1115 2458 1223 2499; x_wconf 86' lang='lat' dir='ltr'>arcana</span> <span class='ocrx_word' id='word_1_180' title='bbox 1282 2493 1284 2542; x_wconf 49' lang='lat'><em>7</em></span> 
     </span>
     <span class='ocr_line' id='line_1_23' title="bbox 138 2524 1283 2647; baseline -0.001 -52"><span class='ocrx_word' id='word_1_181' title='bbox 138 2524 324 2647; x_wconf 53' lang='lat' dir='ltr'>vwilegam</span> <span class='ocrx_word' id='word_1_182' title='bbox 337 2529 411 2593; x_wconf 63' lang='lat' dir='ltr'>mira</span> <span class='ocrx_word' id='word_1_183' title='bbox 426 2536 582 2595; x_wconf 87' lang='lat' dir='ltr'>celantium</span> <span class='ocrx_word' id='word_1_184' title='bbox 596 2536 660 2593; x_wconf 91' lang='lat' dir='ltr'>fide.</span> <span class='ocrx_word' id='word_1_185' title='bbox 703 2534 771 2593; x_wconf 88' lang='lat' dir='ltr'>Non</span> <span class='ocrx_word' id='word_1_186' title='bbox 792 2540 896 2609; x_wconf 88' lang='lat' dir='ltr'>metus,</span> <span class='ocrx_word' id='word_1_187' title='bbox 911 2554 969 2593; x_wconf 92' lang='lat' dir='ltr'>non</span> <span class='ocrx_word' id='word_1_188' title='bbox 990 2554 1056 2611; x_wconf 88' lang='lat' dir='ltr'>spes</span> <span class='ocrx_word' id='word_1_189' title='bbox 1078 2536 1158 2593; x_wconf 87' lang='lat' dir='ltr'>elicit</span> <span class='ocrx_word' id='word_1_190' title='bbox 1171 2554 1221 2594; x_wconf 87' lang='lat' dir='ltr'>vc·</span> <span class='ocrx_word' id='word_1_191' title='bbox 1282 2575 1283 2578; x_wconf 56' lang='lat'><em>=</em></span> 
     </span>
     <span class='ocr_line' id='line_1_24' title="bbox 208 2627 1283 2712; baseline -0.002 -21"><span class='ocrx_word' id='word_1_192' title='bbox 208 2634 347 2710; x_wconf 84' lang='lat' dir='ltr'>cem,an</span> <span class='ocrx_word' id='word_1_193' title='bbox 361 2632 520 2708; x_wconf 89' lang='lat' dir='ltr'>prodantur</span> <span class='ocrx_word' id='word_1_194' title='bbox 531 2630 659 2688; x_wconf 86' lang='lat' dir='ltr'>occulta:</span> <span class='ocrx_word' id='word_1_195' title='bbox 684 2637 767 2688; x_wconf 84' lang='lat' dir='ltr'>vetus</span> <span class='ocrx_word' id='word_1_196' title='bbox 780 2629 934 2705; x_wconf 85' lang='lat' dir='ltr'>disciplina</span> <span class='ocrx_word' id='word_1_197' title='bbox 939 2630 1060 2708; x_wconf 70' lang='lat' dir='ltr'>¹Regum</span> <span class='ocrx_word' id='word_1_198' title='bbox 1070 2630 1221 2689; x_wconf 90' lang='lat' dir='ltr'>silentium</span> <span class='ocrx_word' id='word_1_199' title='bbox 1272 2627 1283 2712; x_wconf 90' lang='grc' dir='ltr'> </span> 
     </span>
     <span class='ocr_line' id='line_1_25' title="bbox 188 2716 1221 2805; baseline -0.005 -18"><span class='ocrx_word' id='word_1_200' title='bbox 188 2716 278 2788; x_wconf 41' lang='lat' dir='ltr'>sfilae</span> <span class='ocrx_word' id='word_1_201' title='bbox 304 2727 431 2805; x_wconf 90' lang='lat' dir='ltr'>periculo</span> <span class='ocrx_word' id='word_1_202' title='bbox 459 2732 603 2785; x_wconf 86' lang='lat' dir='ltr'>sanxerat.</span> <span class='ocrx_word' id='word_1_203' title='bbox 657 2724 771 2801; x_wconf 84' lang='lat' dir='ltr'>Lingua</span> <span class='ocrx_word' id='word_1_204' title='bbox 796 2724 911 2803; x_wconf 61' lang='lat' dir='ltr'>grauiam</span> <span class='ocrx_word' id='word_1_205' title='bbox 938 2725 1106 2800; x_wconf 87' lang='lat' dir='ltr'>castigatur,</span> <span class='ocrx_word' id='word_1_206' title='bbox 1130 2726 1221 2803; x_wconf 76' lang='lat' dir='ltr'>qnam</span> 
     </span>
     <span class='ocr_line' id='line_1_26' title="bbox 145 2806 1220 2917; baseline -0.001 -36"><span class='ocrx_word' id='word_1_207' title='bbox 145 2806 301 2917; x_wconf 59' lang='lat' dir='ltr'>&#39;ullum</span> <span class='ocrx_word' id='word_1_208' title='bbox 314 2823 469 2900; x_wconf 73' lang='lat' dir='ltr'>probrum,</span> <span class='ocrx_word' id='word_1_209' title='bbox 492 2822 565 2879; x_wconf 73' lang='lat' dir='ltr'>&#39;nec</span> <span class='ocrx_word' id='word_1_210' title='bbox 578 2839 711 2897; x_wconf 88' lang='lat' dir='ltr'>magnam</span> <span class='ocrx_word' id='word_1_211' title='bbox 725 2838 785 2877; x_wconf 90' lang='lat' dir='ltr'>rem</span> <span class='ocrx_word' id='word_1_212' title='bbox 799 2818 937 2876; x_wconf 90' lang='lat' dir='ltr'>sustineri</span> <span class='ocrx_word' id='word_1_213' title='bbox 949 2838 1034 2895; x_wconf 86' lang='lat' dir='ltr'>posse</span> <span class='ocrx_word' id='word_1_214' title='bbox 1047 2820 1169 2878; x_wconf 90' lang='lat' dir='ltr'>eredunt</span> <span class='ocrx_word' id='word_1_215' title='bbox 1182 2821 1220 2881; x_wconf 89' lang='lat' dir='ltr'>ab</span> 
     </span>
     <span class='ocr_line' id='line_1_27' title="bbox 209 2911 1283 2995; baseline -0.012 -16"><span class='ocrx_word' id='word_1_216' title='bbox 209 2940 252 2994; x_wconf 92' lang='lat' dir='ltr'>eo,</span> <span class='ocrx_word' id='word_1_217' title='bbox 267 2920 314 2978; x_wconf 89' lang='lat' dir='ltr'>cui</span> <span class='ocrx_word' id='word_1_218' title='bbox 327 2927 423 2979; x_wconf 89' lang='lat' dir='ltr'>tacere</span> <span class='ocrx_word' id='word_1_219' title='bbox 437 2938 523 2995; x_wconf 88' lang='lat' dir='ltr'>grave</span> <span class='ocrx_word' id='word_1_220' title='bbox 538 2916 592 2991; x_wconf 71' lang='lat' dir='ltr'>eit,</span> <span class='ocrx_word' id='word_1_221' title='bbox 614 2914 692 2993; x_wconf 86' lang='lat' dir='ltr'>qnod</span> <span class='ocrx_word' id='word_1_222' title='bbox 706 2914 813 2971; x_wconf 87' lang='lat' dir='ltr'>homini</span> <span class='ocrx_word' id='word_1_223' title='bbox 833 2912 1002 2971; x_wconf 83' lang='lat' dir='ltr'>facillimum</span> <span class='ocrx_word' id='word_1_224' title='bbox 1016 2914 1143 2972; x_wconf 86' lang='lat' dir='ltr'>voluerit</span> <span class='ocrx_word' id='word_1_225' title='bbox 1156 2934 1221 2974; x_wconf 88' lang='lat' dir='ltr'>esse</span> <span class='ocrx_word' id='word_1_226' title='bbox 1282 2911 1283 2966; x_wconf 79' lang='lat' dir='ltr'>l</span> 
     </span>
     <span class='ocr_line' id='line_1_28' title="bbox 143 3009 1283 3133; baseline -0.005 -59"><span class='ocrx_word' id='word_1_227' title='bbox 143 3012 319 3133; x_wconf 53' lang='lat' dir='ltr'>qffiatnra.</span> <span class='ocrx_word' id='word_1_228' title='bbox 362 3012 431 3074; x_wconf 78' lang='lat' dir='ltr'>&#39;Ob</span> <span class='ocrx_word' id='word_1_229' title='bbox 454 3013 528 3070; x_wconf 91' lang='lat' dir='ltr'>hanc</span> <span class='ocrx_word' id='word_1_230' title='bbox 556 3028 672 3072; x_wconf 87' lang='lat' dir='ltr'>causam</span> <span class='ocrx_word' id='word_1_231' title='bbox 699 3009 867 3067; x_wconf 83' lang='lat' dir='ltr'>Alexander</span> <span class='ocrx_word' id='word_1_232' title='bbox 891 3009 1026 3082; x_wconf 88' lang='lat' dir='ltr'>omniurn,</span> <span class='ocrx_word' id='word_1_233' title='bbox 1049 3030 1115 3088; x_wconf 83' lang='lat' dir='ltr'>quae</span> <span class='ocrx_word' id='word_1_234' title='bbox 1142 3011 1221 3087; x_wconf 89' lang='lat' dir='ltr'>apud</span> <span class='ocrx_word' id='word_1_235' title='bbox 1282 3045 1283 3052; x_wconf 26' lang='grc' dir='ltr'><strong>κ</strong></span> 
     </span>
     <span class='ocr_line' id='line_1_29' title="bbox 136 3084 1265 3187; baseline -0.004 -18"><span class='ocrx_word' id='word_1_236' title='bbox 136 3142 141 3151; x_wconf 85' lang='grc'><em>·</em></span> <span class='ocrx_word' id='word_1_237' title='bbox 209 3111 322 3187; x_wconf 80' lang='lat' dir='ltr'>hostem</span> <span class='ocrx_word' id='word_1_238' title='bbox 331 3115 507 3187; x_wconf 89' lang='lat' dir='ltr'>gererentur,</span> <span class='ocrx_word' id='word_1_239' title='bbox 519 3106 645 3183; x_wconf 87' lang='lat' dir='ltr'>ignarus,</span> <span class='ocrx_word' id='word_1_240' title='bbox 657 3103 758 3161; x_wconf 92' lang='lat' dir='ltr'>urbem</span> <span class='ocrx_word' id='word_1_241' title='bbox 770 3101 876 3161; x_wconf 79' lang='lat' dir='ltr'>Gazam</span> <span class='ocrx_word' id='word_1_242' title='bbox 887 3103 1047 3162; x_wconf 87' lang='lat' dir='ltr'>obsidebat.</span> <span class='ocrx_word' id='word_1_243' title='bbox 1088 3084 1265 3164; x_wconf 65' lang='lat' dir='ltr'>Praeerat¹⁴</span> 
     </span>
     <span class='ocr_line' id='line_1_30' title="bbox 211 3198 1284 3304; baseline -0.006 -41"><span class='ocrx_word' id='word_1_244' title='bbox 211 3206 238 3263; x_wconf 88' lang='lat' dir='ltr'>ei</span> <span class='ocrx_word' id='word_1_245' title='bbox 260 3204 345 3263; x_wconf 88' lang='lat' dir='ltr'>Betis</span> <span class='ocrx_word' id='word_1_246' title='bbox 370 3203 484 3261; x_wconf 81' lang='lat' dir='ltr'>eximiae</span> <span class='ocrx_word' id='word_1_247' title='bbox 504 3202 534 3259; x_wconf 86' lang='lat' dir='ltr'>in</span> <span class='ocrx_word' id='word_1_248' title='bbox 556 3200 668 3279; x_wconf 86' lang='lat' dir='ltr'>Regem</span> <span class='ocrx_word' id='word_1_249' title='bbox 693 3219 778 3257; x_wconf 86' lang='lat' dir='ltr'>suum</span> <span class='ocrx_word' id='word_1_250' title='bbox 797 3198 873 3274; x_wconf 81' lang='lat' dir='ltr'>fidei,</span> <span class='ocrx_word' id='word_1_251' title='bbox 892 3198 1061 3275; x_wconf 88' lang='lat' dir='ltr'>modicoque</span> <span class='ocrx_word' id='word_1_252' title='bbox 1084 3200 1222 3276; x_wconf 73' lang='lat' dir='ltr'>praesidia</span> <span class='ocrx_word' id='word_1_253' title='bbox 1282 3215 1284 3304; x_wconf 59' lang='lat' dir='ltr'>p</span> 
     </span>
     <span class='ocr_line' id='line_1_31' title="bbox 143 3295 1274 3389; baseline -0.014 -29"><span class='ocrx_word' id='word_1_254' title='bbox 143 3298 308 3389; x_wconf 52' lang='lat' dir='ltr'>§Kmuroe</span> <span class='ocrx_word' id='word_1_255' title='bbox 323 3298 468 3374; x_wconf 81' lang='lat' dir='ltr'>⁴ingentie</span> <span class='ocrx_word' id='word_1_256' title='bbox 483 3296 577 3374; x_wconf 90' lang='lat' dir='ltr'>operis</span> <span class='ocrx_word' id='word_1_257' title='bbox 593 3295 735 3353; x_wconf 88' lang='lat' dir='ltr'>tuebatur.</span> <span class='ocrx_word' id='word_1_258' title='bbox 1271 3302 1274 3308; x_wconf 84' lang='lat'>·</span> 
     </span>
     <span class='ocr_line' id='line_1_32' title="bbox 270 3388 1222 3467; baseline -0.004 -14"><span class='ocrx_word' id='word_1_259' title='bbox 270 3398 316 3454; x_wconf 76' lang='lat'>24.</span> <span class='ocrx_word' id='word_1_260' title='bbox 339 3393 518 3466; x_wconf 87' lang='lat' dir='ltr'>Alexander,</span> <span class='ocrx_word' id='word_1_261' title='bbox 533 3391 677 3451; x_wconf 83' lang='lat' dir='ltr'>aestimato</span> <span class='ocrx_word' id='word_1_262' title='bbox 692 3390 820 3448; x_wconf 90' lang='lat' dir='ltr'>locorum</span> <span class='ocrx_word' id='word_1_263' title='bbox 834 3388 903 3462; x_wconf 88' lang='lat' dir='ltr'>situ,</span> <span class='ocrx_word' id='word_1_264' title='bbox 918 3388 966 3466; x_wconf 91' lang='lat' dir='ltr'>agi</span> <span class='ocrx_word' id='word_1_265' title='bbox 980 3388 1145 3447; x_wconf 78' lang='lat' dir='ltr'>¹&#39;cuniculos</span> <span class='ocrx_word' id='word_1_266' title='bbox 1163 3392 1222 3467; x_wconf 81' lang='lat' dir='ltr'>jus</span> 
     </span>
     <span class='ocr_line' id='line_1_33' title="bbox 142 3466 1249 3574; baseline -0.008 -22"><span class='ocrx_word' id='word_1_267' title='bbox 142 3493 259 3574; x_wconf 62' lang='lat' dir='ltr'>fflfllh</span> <span class='ocrx_word' id='word_1_268' title='bbox 271 3489 351 3549; x_wconf 85' lang='lat' dir='ltr'>facili</span> <span class='ocrx_word' id='word_1_269' title='bbox 365 3508 398 3546; x_wconf 91' lang='lat' dir='ltr'>ac</span> <span class='ocrx_word' id='word_1_270' title='bbox 408 3487 466 3547; x_wconf 89' lang='lat' dir='ltr'>levi</span> <span class='ocrx_word' id='word_1_271' title='bbox 479 3488 565 3545; x_wconf 91' lang='lat' dir='ltr'>humo</span> <span class='ocrx_word' id='word_1_272' title='bbox 580 3492 748 3562; x_wconf 87' lang='lat' dir='ltr'>acceptante</span> <span class='ocrx_word' id='word_1_273' title='bbox 761 3484 906 3542; x_wconf 88' lang='lat' dir='ltr'>oecultum</span> <span class='ocrx_word' id='word_1_274' title='bbox 920 3502 1007 3560; x_wconf 86' lang='lat' dir='ltr'>opus:</span> <span class='ocrx_word' id='word_1_275' title='bbox 1029 3484 1137 3561; x_wconf 75' lang='lat' dir='ltr'>quippe</span> <span class='ocrx_word' id='word_1_276' title='bbox 1146 3466 1222 3543; x_wconf 81' lang='lat' dir='ltr'>&#39;mul-</span> <span class='ocrx_word' id='word_1_277' title='bbox 1245 3486 1249 3494; x_wconf 86' lang='grc'><em>“</em></span> 
     </span>
     <span class='ocr_line' id='line_1_34' title="bbox 97 3564 1261 3675; baseline -0.008 -28"><span class='ocrx_word' id='word_1_278' title='bbox 97 3610 117 3649; x_wconf 61' lang='grc' dir='ltr'>τ,</span> <span class='ocrx_word' id='word_1_279' title='bbox 142 3616 155 3675; x_wconf 56' lang='lat' dir='ltr'>g</span> <span class='ocrx_word' id='word_1_280' title='bbox 213 3596 272 3645; x_wconf 84' lang='lat' dir='ltr'>tam</span> <span class='ocrx_word' id='word_1_281' title='bbox 296 3603 412 3644; x_wconf 90' lang='lat' dir='ltr'>arenam</span> <span class='ocrx_word' id='word_1_282' title='bbox 431 3583 560 3644; x_wconf 85' lang='lat' dir='ltr'>vicinum</span> <span class='ocrx_word' id='word_1_283' title='bbox 584 3600 663 3639; x_wconf 89' lang='lat' dir='ltr'>mare</span> <span class='ocrx_word' id='word_1_284' title='bbox 687 3580 804 3652; x_wconf 80' lang='lat' dir='ltr'>evomit,</span> <span class='ocrx_word' id='word_1_285' title='bbox 821 3598 874 3636; x_wconf 93' lang='lat' dir='ltr'>nec</span> <span class='ocrx_word' id='word_1_286' title='bbox 898 3598 969 3636; x_wconf 84' lang='lat' dir='ltr'>saxa</span> <span class='ocrx_word' id='word_1_287' title='bbox 992 3586 1137 3656; x_wconf 87' lang='lat' dir='ltr'>cotesque,</span> <span class='ocrx_word' id='word_1_288' title='bbox 1157 3564 1261 3658; x_wconf 43' lang='lat' dir='ltr'>quae*</span> 
     </span>
     <span class='ocr_line' id='line_1_35' title="bbox 213 3668 1231 3759; baseline -0.008 -18"><span class='ocrx_word' id='word_1_289' title='bbox 213 3682 399 3759; x_wconf 88' lang='lat' dir='ltr'>interpellent</span> <span class='ocrx_word' id='word_1_290' title='bbox 423 3680 554 3755; x_wconf 67' lang='lat' dir='ltr'>“specna</span> <span class='ocrx_word' id='word_1_291' title='bbox 575 3676 738 3735; x_wconf 84' lang='lat' dir='ltr'>obstabant.</span> <span class='ocrx_word' id='word_1_292' title='bbox 781 3673 878 3752; x_wconf 88' lang='lat' dir='ltr'>Igitur</span> <span class='ocrx_word' id='word_1_293' title='bbox 902 3672 941 3748; x_wconf 63' lang='lat' dir='ltr'>ab</span> <span class='ocrx_word' id='word_1_294' title='bbox 964 3677 999 3731; x_wconf 83' lang='lat' dir='ltr'>ea</span> <span class='ocrx_word' id='word_1_295' title='bbox 1021 3681 1112 3749; x_wconf 88' lang='lat' dir='ltr'>parte,</span> <span class='ocrx_word' id='word_1_296' title='bbox 1137 3668 1231 3753; x_wconf 74' lang='lat' dir='ltr'>qudrh·</span> 
     </span>
     <span class='ocr_line' id='line_1_36' title="bbox 144 3758 1222 3861; baseline -0.007 -24"><span class='ocrx_word' id='word_1_297' title='bbox 144 3778 360 3861; x_wconf 39' lang='lat' dir='ltr'>&amp;oppidani</span> <span class='ocrx_word' id='word_1_298' title='bbox 375 3775 539 3851; x_wconf 86' lang='lat' dir='ltr'>conspicere</span> <span class='ocrx_word' id='word_1_299' title='bbox 552 3792 607 3832; x_wconf 92' lang='lat' dir='ltr'>ncn</span> <span class='ocrx_word' id='word_1_300' title='bbox 622 3779 749 3849; x_wconf 86' lang='lat' dir='ltr'>possent,</span> <span class='ocrx_word' id='word_1_301' title='bbox 764 3790 836 3847; x_wconf 87' lang='lat' dir='ltr'>opus</span> <span class='ocrx_word' id='word_1_302' title='bbox 857 3789 949 3842; x_wconf 90' lang='lat' dir='ltr'>orsus,</span> <span class='ocrx_word' id='word_1_303' title='bbox 960 3758 1016 3827; x_wconf 67' lang='lat' dir='ltr'>⁴&#39;ut</span> <span class='ocrx_word' id='word_1_304' title='bbox 1030 3789 1048 3826; x_wconf 95' lang='lat' dir='ltr'>a</span> <span class='ocrx_word' id='word_1_305' title='bbox 1060 3788 1148 3827; x_wconf 89' lang='lat' dir='ltr'>sensu</span> <span class='ocrx_word' id='word_1_306' title='bbox 1161 3774 1222 3848; x_wconf 88' lang='lat' dir='ltr'>ejus</span> 
     </span>
     <span class='ocr_line' id='line_1_37' title="bbox 215 3863 1222 3942; baseline -0.007 -10"><span class='ocrx_word' id='word_1_307' title='bbox 215 3881 358 3934; x_wconf 86' lang='lat' dir='ltr'>averteret</span> <span class='ocrx_word' id='word_1_308' title='bbox 382 3880 479 3929; x_wconf 88' lang='lat' dir='ltr'>turres</span> <span class='ocrx_word' id='word_1_309' title='bbox 500 3868 590 3927; x_wconf 86' lang='lat' dir='ltr'>muris</span> <span class='ocrx_word' id='word_1_310' title='bbox 611 3866 758 3925; x_wconf 84' lang='lat' dir='ltr'>admoveri</span> <span class='ocrx_word' id='word_1_311' title='bbox 775 3866 868 3942; x_wconf 86' lang='lat' dir='ltr'>jubet.</span> <span class='ocrx_word' id='word_1_312' title='bbox 911 3863 971 3923; x_wconf 82' lang='lat' dir='ltr'>Sed</span> <span class='ocrx_word' id='word_1_313' title='bbox 994 3864 1094 3922; x_wconf 88' lang='lat' dir='ltr'>eadem</span> <span class='ocrx_word' id='word_1_314' title='bbox 1119 3864 1222 3925; x_wconf 85' lang='lat' dir='ltr'>humus</span> 
     </span>
    </p>
   </div>
   <div class='ocr_carea' id='block_1_4' title="bbox 927 4140 990 4244">
    <p class='ocr_par' dir='ltr' id='par_1_6' title="bbox 927 4140 990 4244">
     <span class='ocr_line' id='line_1_38' title="bbox 927 4140 990 4244; baseline -0.048 -13"><span class='ocrx_word' id='word_1_315' title='bbox 927 4140 990 4244; x_wconf 52' lang='lat' dir='ltr'>,fl</span> 
     </span>
    </p>
   </div>
   <div class='ocr_carea' id='block_1_5' title="bbox 0 0 1300 4400">
    <p class='ocr_par' dir='ltr' id='par_1_7' title="bbox 0 0 1300 4400">
     <span class='ocr_line' id='line_1_39' title="bbox 0 0 1300 4400; baseline 0 3"><span class='ocrx_word' id='word_1_316' title='bbox 0 0 1300 4400; x_wconf 95' lang='lat' dir='ltr'> </span> 
     </span>
    </p>
   </div>
  </div>
 </body>
</html>
