2592 4400
214 396 272 468 l'td
558 422 704 471 onrrnr
726 422 867 465 suurn

272 564 319 623 td
340 560 416 622 Htoo
438 560 588 640 expeditio
614 560 792 621 definientem
817 568 921 641 mgni
947 582 984 623 ex
1009 567 1092 641 psrto
1117 560 1217 619 Asiam

209 658 288 719 nmt
300 664 363 716 tem
374 664 543 735 oppomnae
559 656 693 717 riotorise
712 654 830 717 domuit
872 658 1000 718 Inviotos
1018 656 1139 735 Scythes
1160 674 1218 713 eme

210 752 406 812 oredidernnt:
425 751 531 831 quibus
542 752 645 811 irnotis
664 750 772 809 nulum
790 759 905 831 gentem
926 752 1113 812 Msoedonum
1133 750 1218 809 ermis

210 848 393 926 potentiore
415 846 629 907 sonitebnntur.
670 844 775 924 Itsque
798 846 878 907 sseae
903 848 1009 907 misere
1029 847 1150 925 legatos,
1171 845 1219 922 qui

210 940 417 1020 pollicerentur
434 948 549 1021 gentm
566 940 703 999 mnndnts
720 940 868 1001 fsotnrnm.
912 940 1047 1001 Moverat
1063 958 1112 1000 eos
1131 940 1219 1017 Regis

209 1056 268 1095 non
280 1036 376 1097 virtus
387 1036 488 1115 magis,
500 1037 587 1115 quim
599 1034 752 1093 elementis
765 1035 796 1093 in
814 1036 941 1095 deriotos
955 1036 1094 1114 seusu:
1115 1035 1220 1115 qnippe

209 1130 339 1207 captivos
359 1148 459 1189 omnes
481 1130 545 1189 sine
561 1128 656 1206 pretio
675 1128 834 1205 remiserat,
848 1132 899 1189 'ut
920 1130 1006 1189 fidem
1027 1131 1145 1204 feneret,
1167 1127 1220 1187 sibi

210 1244 277 1285 oum
297 1224 482 1284 ferocissimis
504 1223 633 1303 gentium
657 1222 693 1283 de
714 1223 896 1300 fortitudine,
918 1243 976 1299 non
998 1224 1034 1283 de
1057 1224 1113 1299 iri,
1133 1224 1220 1282 fnisse

210 1326 363 1379 osrtnmsn
403 1318 535 1397 Benignd
547 1318 640 1397 igitur
659 1318 787 1396 exeeptis
806 1318 943 1379 Seuerum
962 1318 1074 1399 legetis,
1088 1320 1221 1377 tomitem

212 1413 385 1489 Exeipinnm
397 1412 486 1487 dedit,
499 1412 593 1471 ndhuo
604 1412 761 1471 ndrnoddm
773 1414 918 1489 juvenem,
930 1414 1026 1473 stetis
1046 1414 1118 1472 flore
1131 1412 1221 1471 oonsi-

211 1507 316 1567 lintum
328 1506 404 1566 sibi:
423 1506 475 1585 qni
487 1526 554 1565 oum
573 1505 668 1585 speeie
688 1506 816 1585 eorporis
835 1514 963 1587 sequeret
977 1507 1220 1585 Hephaestionem,

210 1601 308 1691 lepre
320 1600 398 1660 lmud
411 1603 479 1661 send
493 1601 538 1659 illi
551 1620 603 1679 psr
614 1608 687 1661 erut
716 1600 794 1678 Ipse,
812 1600 931 1663 Grutero
944 1620 1009 1660 oum
1023 1604 1133 1679 majore
1141 1608 1221 1679 perte

211 1696 358 1756 exsroitds
369 1695 490 1755 modieis
502 1695 656 1756 itineribus
669 1696 749 1774 sequi
767 1698 857 1773 jusso,
871 1696 908 1755 nd
928 1696 1102 1755 Mareounds
1121 1697 1221 1757 urbem

210 1790 323 1851 tendit:
343 1809 382 1850 ex
393 1794 451 1871 qul
463 1790 653 1868 Spitamenes,
666 1790 782 1869 eognito
800 1792 864 1868 ejus
884 1790 1018 1866 adventu,
1032 1791 1143 1851 Bnetrn
1162 1810 1221 1869 per·

209 1887 334 1967 fugeret.
374 1885 480 1965 Itaque
491 1884 646 1963 quatriduo
660 1884 727 1944 Rex
739 1884 856 1964 longum
869 1884 984 1943 itineris
997 1885 1123 1962 spetiem
1133 1904 1221 1943 emen

212 2002 271 2057 sus,
284 1987 452 2060 pervenerat
475 1980 506 2037 in
527 1998 594 2038 enm
614 1978 718 2054 losum
742 1978 774 2037 in
797 1998 863 2057 quo,
877 1978 1045 2039 Menedemo
1069 1980 1153 2055 duee,
1167 1979 1221 2037 duo

211 2077 305 2136 millis
330 2076 471 2155 pediturn,
488 2081 523 2133 st
541 2080 685 2133 neosntos
704 2074 815 2152 equites
834 2074 977 2134 emiserat
1020 2074 1136 2133 Hornm
1159 2092 1223 2133 osse

211 2172 324 2232 tumulo
335 2170 450 2250 oontegi
460 2168 559 2248 jussit,
572 2174 604 2229 et
616 2168 736 2228 inierim
746 2188 825 2229 more
838 2169 932 2249 pntrio
937 2166 1032 2230 dedit.
1073 2168 1098 2230 J
1098 2189 1146 2228 sm
1156 2169 1221 2231 Ore

211 2277 294 2326 terne
314 2286 380 2325 onm
401 2265 542 2344 phnhnge
565 2263 700 2343 subsequi
723 2265 833 2341 jussus,
855 2263 893 2323 sd
915 2265 1025 2342 Regem
1045 2269 1220 2342 pervenerat

212 2363 315 2441 Itaque
326 2367 362 2419 nt
380 2378 486 2434 omnm,
498 2359 550 2444 qui
568 2358 740 2433 deioeersnt,
753 2357 862 2436 puriter
881 2357 951 2420 belli
970 2357 1051 2418 elude
1063 2378 1222 2437 premeren-

74 2456 83 2470 ’
212 2463 271 2530 tur,
281 2454 378 2532 sopire
390 2453 506 2529 dividit,
518 2454 621 2532 urique
633 2471 726 2532 egros,
740 2459 769 2510 st
782 2453 903 2512 interiioi
916 2452 1038 2530 puberes
1050 2455 1150 2530 jussit.

272 2549 311 2610 X
332 2553 380 2609 37.
402 2549 546 2628 Sogdinm
561 2548 642 2626 regio
655 2550 763 2624 mejore
776 2567 812 2606 ex
826 2554 910 2624 perte
923 2547 1037 2607 deserta
1050 2555 1115 2610 est:
1136 2549 1221 2607 outin-

212 2645 371 2726 gentsferd
384 2644 480 2704 stedi·
491 2643 523 2701 in
536 2641 720 2701 lntitudinem
733 2649 824 2702 vene
843 2642 1011 2702 solitudines
1028 2649 1136 2704 tenent
1177 2643 1221 2702 In

212 2758 283 2820 gens
295 2738 423 2817 spatium
434 2745 523 2797 reotae
533 2735 658 2816 regionis
671 2743 725 2810 est,
738 2755 790 2814 per
802 2755 887 2815 qnam
899 2736 990 2795 amnis
1003 2736 1221 2814 (Polytimetum

213 2833 443 2913 rotent-imola)
454 2832 556 2892 fertur.
598 2831 766 2889 Torrentem
779 2849 844 2890 eum
855 2834 926 2908 ripre
938 2829 969 2888 in
982 2837 1101 2890 tenuem
1113 2832 1221 2892 alveum

212 2935 338 3008 oognnt:
357 2927 462 2987 dende
476 2945 600 2987 osterna
610 2925 724 3002 resipit,
738 2931 769 2984 et
783 2925 837 2986 sub
857 2932 964 2984 terrem
983 2925 1068 3002 rupit
1113 2926 1221 2988 Gnrsds

213 3023 375 3084 ubsoonditi
388 3021 527 3080 inditium
540 3027 586 3079 est
598 3039 681 3099 squae
694 3020 816 3078 meantis
830 3037 924 3094 sonus,
935 3020 1002 3078 edm
1014 3009 1112 3098 ipsum
1122 3022 1219 3094 solnm,
1271 3067 1272 3100 ,

209 3117 269 3176 snb
280 3136 338 3196 quo
349 3124 450 3175 tentus
463 3115 556 3173 mnis
568 3115 643 3189 fluit,
657 3135 693 3173 ne
706 3115 817 3173 modies
831 3114 947 3192 quidem
967 3115 1085 3173 resudet
1099 3117 1219 3174 humore.
1271 3107 1272 3142 ³

216 3212 264 3272 Ex
277 3211 402 3288 sentiris
415 3209 633 3289 Sogdianorum,
646 3211 684 3268 nd
698 3209 810 3288 Regem
829 3209 951 3288 triginta
969 3210 1154 3287 nobilissimi,
1167 3229 1222 3269 eor·

216 3325 318 3386 porum
331 3305 434 3365 robore
446 3305 561 3380 eximio,
574 3305 707 3383 perdueti
720 3311 807 3373 erent
851 3303 909 3374 Qui
924 3311 958 3362 ut
975 3325 1027 3383 per
1040 3305 1222 3384 interpretem

96 3391 98 3394 Α
214 3406 410 3482 eognoverunt
431 3401 516 3477 jussu
538 3397 630 3478 Regis
653 3400 732 3476 ipsos
745 3400 783 3458 ed
807 3398 979 3476 supplitium
994 3399 1089 3476 truhi3
1112 3419 1224 3460 esrmsn

215 3497 378 3558 leentiam
398 3494 485 3553 modo
510 3513 620 3569 enuere,
644 3493 845 3572 tripudiisque,
868 3500 898 3552 et
918 3493 1069 3554 lesoiviore
1098 3495 1224 3572 oor‘poris

216 3599 306 3666 motu,
320 3589 455 3670 gaudium
468 3589 610 3668 quoddam
628 3589 716 3647 unirni
732 3593 877 3648 ostentare
896 3596 1050 3666 eoepernnt.
1093 3589 1225 3649 Admim·

217 3693 267 3745 tus
279 3685 354 3759 Rex,
368 3689 451 3743 tenti
471 3683 669 3762 magnitudine
689 3683 778 3741 enimi
797 3689 931 3760 oppetere
949 3689 1078 3756 mortem,
1100 3682 1227 3743 reveesri

217 3798 266 3838 eos
286 3779 382 3855 jussit,
399 3797 515 3836 oensem
538 3784 598 3835 tem
619 3777 717 3838 effuse
740 3777 863 3853 leetitiae,
877 3797 941 3836 oum
965 3777 1136 3856 supplitium
1162 3785 1227 3838 snts

218 3873 314 3930 oeulos
324 3871 470 3944 heberent,
484 3871 636 3948 requirens
680 3870 742 3946 Illi,
756 3871 782 3931 si
795 3871 832 3932 ub
841 3873 899 3931 elio
909 3872 1117 3948 oooidersntur,
1130 3872 1227 3934 tristes
