2592 4400
394 387 518 438 ursus
545 388 598 431 rx.
627 388 712 431 one.
741 388 803 429 ιιι.
1055 375 1114 435 223

99 524 194 587 elium
206 526 307 588 orbem
327 546 410 605 peres
423 527 475 602 ire,
489 532 521 586 et
543 526 660 587 Indiam
673 527 777 605 queris
802 525 887 587 Indis
906 546 1018 608 qnoque
1038 528 1115 609 igno-

99 628 169 683 tam.
212 622 298 682 Inter
322 624 400 681 feres
422 628 625 701 serpentesque
647 622 784 701 degentes
807 642 906 683 eruere
932 643 969 683 ex
994 622 1115 687 latebris

99 724 131 776 et
151 717 299 777 eubilibus
325 718 386 777 suis
411 718 530 795 expetis,
550 725 585 777 ut
603 718 687 795 plurs
708 719 797 797 qudm
819 718 863 777 sol
882 718 972 795 videt,
992 720 1115 781 vintoris

99 812 218 873 lustres
259 812 355 891 Digne
367 814 485 890 prorsus
496 813 634 892 oogitntio
654 813 750 873 enimo
763 820 824 889 tuo,
837 812 888 873 sed
909 814 995 875 altior
1008 824 1113 879 nostro.

102 908 211 967 Virtus
232 908 308 967 enim
327 915 378 967 tue
391 927 502 987 semper
521 908 553 967 iu
571 908 748 969 incremento
761 909 827 986 erit,
840 916 939 969 nostre
952 910 997 971 vis
1010 911 1041 971 in
1059 913 1115 975 fine

106 1005 170 1081 jem
183 1004 256 1063 est''

161 1103 180 1135 ⁴‘
192 1098 310 1159 Intuere
331 1117 451 1176 eorpore
475 1098 625 1179 exanguis,
648 1104 694 1158 tot
716 1099 845 1176 perfosso
867 1096 1044 1176 vulneribus,
1070 1108 1115 1161 tot

101 1192 287 1253 eieutrieibus
308 1193 412 1271 putris
453 1193 524 1253 Jem
547 1194 608 1252 tels
627 1193 745 1253 hebetis
768 1201 844 1270 sunt,
864 1196 926 1271 jem
946 1192 1027 1255 srme
1049 1196 1114 1257 defi-

101 1289 193 1349 siunt.
237 1288 357 1348 Vestem
378 1288 526 1347 Persioem
547 1288 701 1364 induimus,
722 1288 791 1368 quie
814 1290 970 1350 domestice
994 1291 1115 1351 subvehi

101 1404 160 1443 non
183 1391 287 1461 potest
329 1382 368 1443 In
388 1391 541 1443 externum
566 1384 802 1463 degeneravimus
828 1386 947 1446 cultum.
989 1388 1007 1416 ¹⁸
1019 1385 1114 1457 Quoto

101 1480 205 1558 suique
225 1478 315 1539 loriee
328 1478 396 1539 est?
414 1478 480 1558 quis
501 1498 607 1558 equum
619 1479 731 1540 habet?
748 1480 819 1557 jube
831 1482 922 1560 qnaeri
935 1485 1023 1560 qudm
1042 1482 1114 1543 mul·

102 1582 149 1634 tos
162 1574 239 1634 servi
253 1574 378 1651 ipsorum
391 1575 534 1652 perseeuti
546 1574 614 1649 sint,
627 1573 699 1653 quid
713 1575 813 1654 oniqud
828 1577 951 1655 supersit
958 1597 995 1637 ex
1006 1578 1113 1655 praedb.

104 1669 243 1732 Omnium
267 1669 398 1744 vietores,
430 1669 556 1729 omnium
586 1669 686 1746 inopes
720 1689 825 1731 sumus.
881 1670 943 1731 Neo
970 1673 988 1700 ¹¹
998 1671 1114 1731 luxurie

102 1764 277 1838 laboremus,
290 1764 342 1823 sed
364 1761 444 1824 bello
463 1764 657 1823 instrumente
670 1763 739 1825 belli
753 1766 985 1843 consumpsimus.
1028 1765 1115 1827 Huno

103 1867 137 1917 tu
149 1858 373 1936 pulcherrimum
385 1859 544 1919 exereitum
564 1859 673 1919 nudum
686 1860 804 1936 objioies
817 1859 945 1921 belluis?
985 1858 1115 1931 Quarum

104 1956 123 1983 ¹⁸
131 1961 166 2013 nt
177 1953 393 2013 multitudinem
416 1961 538 2033 augeant
561 1954 597 2013 de
611 1954 757 2015 industrie
780 1954 912 2030 Bsrberi,
926 1974 1060 2035 magnum
1072 1961 1114 2013 te·

101 2066 168 2109 men
181 2066 245 2107 esse
256 2068 408 2107 numerum
418 2048 534 2108 ”etim
546 2069 583 2109 ex
596 2048 745 2109 mendesio
759 2048 917 2129 intelligo.’'

162 2148 180 2181 “
193 2142 280 2216 Quod
300 2145 326 2204 si
347 2144 440 2205 adhue
459 2152 609 2223 penetrare
628 2145 661 2206 in
681 2144 798 2205 Indiam
810 2152 920 2206 eertum
934 2152 985 2222 est,
998 2145 1077 2226 regio
1097 2165 1115 2206 e

102 2239 222 2300 meridie
243 2240 341 2299 mimis
363 2247 447 2300 veste
469 2246 521 2301 est.
564 2240 630 2312 Qus
651 2241 780 2317 subeetd,
794 2241 893 2301 licebit
914 2241 1063 2302 deeurrere
1082 2242 1114 2301 in

102 2335 177 2395 illud
189 2354 278 2410 mere,
291 2334 368 2413 quod
390 2335 477 2396 rebus
497 2335 629 2395 humenis
650 2336 806 2396 terminum
820 2335 913 2396 voluit
926 2355 989 2396 esse
1002 2344 1113 2400 netum

104 2429 165 2490 (lur
183 2429 310 2488 eironitn
331 2429 408 2506 petis
429 2429 561 2508 glorium,
574 2450 640 2509 qum
654 2429 692 2488 ad
712 2449 828 2488 menum
841 2433 936 2509 posits
948 2431 1014 2491 est?
1054 2432 1115 2492 Hlo

101 2544 216 2604 quoque
238 2526 362 2583 ooourrit
390 2523 531 2584 Oeeenns
573 2524 641 2583 Nisi
667 2525 759 2585 meris
778 2544 884 2600 errare,
906 2525 925 2554 ¹⁴
935 2526 1129 2604 pervenimus·

101 2622 158 2698 quo
172 2627 226 2678 tue
247 2606 364 2679 fortune
387 2619 474 2679 dneit
517 2619 590 2686 Haeo
614 2627 718 2696 tecum,
738 2623 825 2699 qnbm
849 2620 911 2679 sine
934 2628 964 2680 te
984 2641 1049 2680 oum
1068 2620 1115 2680 his

101 2715 183 2794 loqui
203 2714 301 2789 malui,
323 2715 405 2774 ¹‘non
416 2721 450 2774 ut
472 2714 575 2774 inirem
596 2715 806 2774 oiroumstentis
826 2715 971 2774 exereitus
982 2716 1113 2794 gretiam,

102 2811 155 2871 sed
174 2817 210 2870 ut
223 2829 321 2870 vooem
343 2810 523 2890 loquentium
543 2810 653 2888 potids,
672 2813 759 2889 qudm
779 2811 924 2890 gemitum,
938 2829 1114 2870 murmuren-

101 2907 177 2965 tium
189 2905 332 2965 endires”

161 3003 191 3060 9.
214 3000 258 3060 Ut
271 3002 357 3058 finem
370 3000 495 3060 orationi
510 2999 617 3060 Coenus
629 3000 777 3077 imposuit,
786 2999 894 3058 elamor
907 2999 1034 3080 undique
1049 3019 1115 3060 enm

102 3097 221 3174 ploratu
243 3095 345 3169 oritur,
369 3095 490 3174 Regem,
510 3103 631 3174 petrem,
646 3096 795 3154 dominum
820 3095 948 3154 oonfusis
970 3097 1114 3176 appellen·

102 3193 176 3250 tium
198 3190 328 3251 vocibus.
371 3189 496 3269 Jamque
520 3197 551 3248 et
572 3189 623 3248 alii
645 3190 734 3249 duoes
757 3189 958 3270 praeoipubque
979 3193 1114 3267 seniores,

103 3286 185 3366 queis
210 3284 249 3344 ob
272 3291 387 3344 aetstem
416 3292 446 3343 et
469 3285 619 3344 exousetio
642 3284 791 3344 honestior
814 3293 877 3344 eret
901 3294 931 3346 et
957 3279 1115 3346 auetorita's

103 3384 204 3458 major,
219 3379 321 3438 eedem
335 3379 536 3456 precabantur.
579 3379 638 3438 Ille
658 3399 710 3438 neo
724 3377 865 3460 esstigsre
878 3381 1048 3456 obstinatos,
1062 3400 1114 3441 neo

104 3477 237 3553 mitigare
251 3480 367 3550 poteret
380 3475 477 3532 iratos.
520 3473 624 3552 Itaque
646 3474 729 3552 inops
752 3474 865 3534 consilii
885 3475 1004 3534 desiluit
1026 3495 1043 3534 e
1063 3473 1114 3534 tri·

104 3571 212 3645 buneli,
239 3567 391 3647 elnudique
421 3569 530 3648 regiam
554 3569 653 3646 jussit,
679 3570 820 3644 omnihus,
842 3577 948 3647 praeter
974 3577 1113 3645 assuetos,

103 3667 184 3726 edire
204 3663 368 3743 prohibitis
411 3664 540 3723 Biduum
553 3665 604 3724 irae
617 3665 717 3724 datum
731 3673 785 3739 est,
801 3665 889 3723 tertio
904 3664 951 3722 die
965 3666 1113 3742 prooessit,

104 3763 230 3842 erigique
245 3759 399 3819 duodeoim
417 3779 483 3820 eres
496 3779 534 3820 ex
546 3761 688 3840 qusdrsto
710 3780 787 3834 sexo,
802 3767 1019 3818 monumentum
1033 3777 1115 3838 expe·

51 3920 55 3928 ,
104 3855 224 3918 ditionis
248 3873 319 3929 sues,
348 3855 527 3914 munimenta
547 3873 661 3934 quoque
683 3862 842 3938 uestrorum
872 3853 962 3933 jussit
986 3854 1114 3931 extendi,
