2592 4400
182 328 222 390 88
532 344 672 395 curun
700 342 842 385 curru

91 474 270 585 Qjssimrl
280 484 295 543 l
304 485 320 516 ’'
362 483 434 543 dnm
445 484 524 543 inter
536 483 599 543 hrec
611 477 723 543 eminus
736 483 909 561 petebatur,
931 502 1006 561 eum,
1024 484 1209 545 testitudine

180 580 309 657 objectet,
322 579 441 655 milites,
462 580 523 658 qni,
537 586 572 639 nt
595 579 664 639 inde
690 578 861 653 discederet,
882 578 1044 657 perpellere
1069 580 1208 659 nequire

180 682 258 748 rent,
272 674 440 735 tuebuntur.

244 775 286 829 11.
310 770 441 829 Tandem
458 770 575 830 Tauron
584 788 672 847 super
686 787 781 828 arcem
795 769 920 829 urbisne
935 788 1001 827 cum
1015 788 1071 829 euo
1086 772 1207 849 ngmine

178 867 328 925 ostendit:
349 866 485 944 ndeujus
498 871 694 943 conspectum,
716 870 747 923 et
770 864 860 923 enimi
884 864 1012 923 hostium
1036 864 1151 940 lubere,
1173 875 1207 925 et

87 938 168 1018 Μ
177 963 355 1033 Macedones
369 963 468 1021 ncrids
483 960 616 1039 proelium
637 959 712 1019 inire
726 966 882 1037 coeperunt.
926 960 1065 1039 ‘Anceps
1081 962 1204 1039 oppidu·

177 1078 229 1117 rios
240 1060 348 1118 melum
361 1058 493 1137 nrgcbst,
506 1076 561 1115 nec
574 1055 640 1115 sisti
655 1056 700 1115 vie
714 1055 841 1115 hostium
864 1062 988 1133 poterut.
1033 1056 1148 1117 Peneis
1163 1058 1204 1117 ed

177 1154 367 1227 moriendum,
380 1154 514 1231 pluribus
527 1151 566 1211 nd
584 1151 684 1230 fugem
699 1150 812 1209 enimus
834 1150 901 1209 fuit.
944 1150 1053 1229 Megnn
1077 1172 1149 1229 pers
1169 1154 1203 1211 in

176 1270 272 1307 arcem
285 1250 436 1309 concessit.
479 1248 555 1307 Inde
570 1247 692 1325 triginta
705 1246 869 1305 oratoribus
883 1246 980 1305 mieeir
991 1246 1028 1305 nd
1043 1247 1202 1329 deprecen-

176 1325 255 1417 dnm,
270 1345 355 1403 triete
368 1362 538 1421 responsum
552 1362 570 1401 n
584 1342 667 1420 Rege
681 1341 823 1415 redditur,
834 1360 892 1399 non
905 1358 967 1401 esse
981 1343 1076 1402 renim
1090 1342 1198 1403 locum

84 1422 282 1523 ifslteqne
307 1439 515 1517 suppliciorum
541 1445 624 1497 metu
656 1436 792 1515 perculsi,
819 1436 857 1495 sd
886 1436 1082 1517 Sisygnmblm
1111 1438 1200 1499 Darii

176 1544 309 1604 matrem,
335 1534 450 1594 occulto
477 1535 592 1608 itinere,
619 1533 778 1613 ignotoque
811 1532 952 1608 horrtibu,
982 1533 1116 1610 mittunt,
1146 1536 1200 1614 qui

176 1639 320 1709 peterent,
333 1637 369 1689 ut
390 1630 454 1707 ipse
468 1630 581 1708 Regem
594 1627 753 1706 mitigaret,
767 1628 845 1687 haud
860 1628 957 1705 ignari
978 1630 1109 1706 parentis
1130 1650 1198 1689 enm

175 1727 240 1786 loco
264 1726 357 1805 diligi,
371 1726 493 1806 colique.
535 1724 579 1785 Ilt
602 1724 738 1783 Medates
763 1722 871 1783 sororis
896 1726 959 1801 ejus
980 1724 1069 1783 filiam
1094 1745 1197 1785 secum

174 1804 358 1883 matrimonio
379 1824 525 1900 junxerat,
545 1820 670 1879 Durium
695 1820 855 1898 propinque
884 1820 1054 1895 cognatione
1082 1823 1197 1881 contin·
1273 1818 1274 1873 l

84 1913 161 2019 Οἵ]
175 1938 255 1998 gens.
315 1918 378 1977 Did
412 1916 593 1994 Sisygnmbie
626 1915 791 1991 supplicum
826 1914 961 1991 precibus
995 1919 1194 1994 repugnavit3

173 2015 324 2075 'abnuens
347 2012 580 2093 deprecationem
601 2029 653 2089 pro
670 2010 730 2069 illis
753 2010 904 2070 convenire
929 2011 1064 2084 lortunae,
1080 2012 1112 2069 in
1134 2016 1195 2091 que
1273 2014 1274 2025 *

174 2118 273 2169 esset:
307 2109 481 2187 adjecitque,
509 2114 641 2167 metuere
676 2126 739 2165 sese
767 2125 804 2165 ne
830 2105 949 2165 victoris
977 2106 1195 2186 indulgentiam

174 2206 320 2284 sntignret,
335 2205 500 2284 sepiusque
514 2205 651 2282 cogitare,
667 2203 812 2280 captivom
824 2223 887 2262 esee
901 2223 941 2278 se,
955 2204 1044 2282 qudm
1059 2203 1193 2283 reginem

174 2301 273 2360 fuisse.
316 2300 367 2359 Ad
391 2300 527 2358 ultimum
550 2300 638 2373 victe,
662 2299 770 2358 litteris
791 2299 994 2358 Alexandrum
1018 2299 1062 2358 ite
1091 2300 1191 2378 depre-

89 2381 239 2488 §psum
262 2404 316 2470 est,
342 2402 378 2454 ut
401 2396 495 2473 ipsam
519 2401 672 2454 excusaret
697 2394 774 2473 quod
796 2395 1016 2471 deprecaretur:
1038 2404 1139 2472 petere
1158 2416 1192 2456 se
1270 2407 1273 2430 ¹

173 2500 208 2552 nt
229 2491 291 2550 illis
304 2511 427 2571 quoque,
441 2491 487 2550 'ri
509 2491 617 2564 minds,
631 2491 689 2550 eibi
713 2491 891 2568 ignosceret:
912 2509 964 2568 pro
978 2491 1141 2549 necessario
1155 2511 1190 2550 ne

173 2587 336 2667 propinquo
362 2607 424 2662 suo,
450 2589 511 2664 jum
534 2606 593 2646 non
616 2586 709 2660 hoste,
734 2585 786 2645 sed
807 2585 936 2663 supplice
964 2589 1077 2645 tentum
1097 2587 1191 2646 vitem

173 2684 294 2762 precari
347 2682 578 2743 Moderationem
601 2681 842 2759 clementiamque
872 2681 972 2759 Regis,
1003 2682 1089 2760 'quen
1120 2690 1190 2742 tune

173 2779 241 2855 fuit,
263 2780 310 2840 vel
332 2801 391 2840 unn
414 2780 476 2840 hoc
500 2799 546 2838 res
568 2778 662 2855 possit
682 2777 853 2836 ostendere:
875 2795 932 2836 non
961 2777 1077 2836 Mndnti
1102 2779 1189 2836 modd

79 2865 110 2951 (9
122 2896 165 2958 Vp
174 2878 295 2956 ignovit,
310 2877 361 2936 sed
375 2895 474 2934 omnes
487 2881 518 2934 et
533 2874 649 2933 deditos
671 2879 701 2931 et
721 2872 851 2950 captivos
876 2872 1014 2931 libertate
1036 2879 1124 2952 etque
1139 2875 1188 2931 im·

172 2975 314 3032 munitate
327 2971 456 3045 donarit,
470 2971 572 3030 urbem
582 2968 702 3046 reliquit
717 2968 875 3026 intectum:
898 2987 984 3046 egros
998 2968 1060 3028 sine
1076 2970 1188 3029 tributo

173 3069 267 3128 colere
279 3067 417 3144 permisit
460 3065 636 3124 'Avietore
651 3063 741 3122 Durio
762 3063 846 3142 plura
860 3071 951 3122 muter
965 3083 1021 3122 non
1035 3064 1188 3142 impetres·
1272 3085 1273 3094 ¹

175 3171 227 3223 set
270 3151 415 3222 Uxiorum
436 3159 542 3219 deinde
565 3166 681 3236 gentem
703 3160 861 3233 subactum,
878 3158 1068 3218 Susianorum
1090 3159 1186 3220 Satra-

172 3253 231 3338 pio
256 3256 459 3316 ²⁰oontribuit:
490 3255 650 3333 divisisque
674 3273 739 3312 enm
767 3254 959 3314 Parmenione
984 3253 1082 3332 copiis,
1104 3255 1205 3313 illum·

76 3356 126 3424 ἄρ
132 3363 174 3429 ,Τ
173 3353 329 3432 campestri
343 3351 448 3410 itinere
469 3349 624 3428 procedere
644 3348 748 3425 jubet:
770 3349 831 3427 ipee
845 3369 910 3408 cum
924 3350 1058 3426 expedito
1073 3351 1186 3429 agmine
1269 3385 1272 3398 ·

180 3452 284 3527 jugum
302 3446 445 3505 montium
464 3445 551 3524 cepit,
572 3463 698 3524 quornm
719 3451 891 3522 perpetuum
906 3444 1024 3503 dorsum
1038 3445 1068 3504 in
1091 3446 1184 3506 Persi·

171 3544 238 3602 dem
251 3542 388 3602 excurrit
811 3611 817 3621 ἱ

236 3645 279 3698 12.
309 3637 399 3699 Omni
432 3636 486 3694 hnc
512 3635 630 3713 regione
663 3637 789 3708 vustntt,
818 3633 906 3692 tertio
941 3633 988 3692 die
1023 3634 1185 3710 Persidem,

91 3811 150 3876 o
170 3729 792 3905 tsstffifflltesstgliit‘lt
814 3727 1184 3902 iterim
