2592 4400
369 375 608 474 nrana'vin.
636 434 722 473 oar.
751 434 803 473 rv.
1046 416 1099 473 lat

88 591 161 645 eum,
185 571 371 631 tabernaculo
393 572 527 649 excessit,
549 578 792 651 percontatusque
816 572 887 651 quid
906 572 952 631 'rei
966 572 1014 645 sit,
1028 571 1099 631 'illo

55 688 67 702 ‘
88 668 239 743 profitente
260 668 414 745 cognoscit.
465 667 567 727 Variae
588 667 655 727 hine
679 668 868 745 cogitationes
891 668 1015 727 invicem
1042 670 1099 726 ani-

88 783 165 819 mum
190 762 306 821 diversa
332 763 488 840 agitantem
512 770 732 822 commoverant.
791 764 809 791 ¹⁰
822 762 963 821 Meritum
997 763 1099 843 ingens

74 857 117 919 ¹in
139 865 234 915 semet
256 876 318 915 esse
342 858 487 931 credebat,
509 858 588 937 qudd
613 858 772 936 transfuga,
795 865 825 916 et
848 858 987 935 proditor,
1009 859 1099 917 tantis

88 952 172 1012 rebus
185 952 225 1027 (si
238 952 372 1030 vixisset)
388 953 548 1029 injecturus
561 972 681 1027 moram,
696 953 866 1011 interfectus
880 959 964 1011 esset.
988 952 1099 1013 Soatra

88 1048 196 1105 facinus
220 1047 323 1125 ingens
349 1048 546 1123 aversabatur,
573 1048 641 1105 edm
664 1047 775 1125 optime
801 1048 937 1107 meritum
965 1047 1001 1106 de
1025 1048 1098 1125 ipsa,

88 1143 455 1221 communium-parentem
480 1142 646 1215 liberorum,
668 1162 721 1220 per
747 1133 868 1201 insidias
894 1143 1097 1203 interemisset.

90 1238 108 1265 ¹¹
121 1236 203 1296 Vicit
217 1245 315 1297 tamen
328 1238 451 1316 gratiam
465 1238 563 1297 meriti
577 1238 696 1297 sceleris
711 1238 859 1311 atrocitas,
876 1238 1100 1317 denunciarique

94 1333 181 1408 jussit
193 1340 229 1391 ut
243 1333 397 1392 excederet
411 1333 525 1407 castris,
539 1353 597 1392 neu
617 1333 744 1393 licentiae
758 1333 897 1393 Barbara
910 1332 1055 1410 exemplar
1069 1334 1099 1390 in

90 1427 257 1487 Graecornm
270 1448 365 1487 mores
379 1436 410 1487 et
430 1428 515 1487 mitia
537 1428 653 1507 ingenia
666 1430 845 1487 transferret.
888 1428 988 1503 Dahae,
1004 1427 1099 1506 Spita·
1193 1465 1196 1471 -

88 1523 177 1581 menis
200 1523 281 1583 caede
296 1526 460 1600 comperte,
489 1522 704 1600 Dataphernem
733 1523 901 1582 defectionis
926 1527 989 1600 ejus
1011 1524 1099 1601 parti·

88 1618 179 1700 cipern
193 1619 325 1686 vinetum
345 1618 523 1691 Alexandro,
537 1638 623 1697 seque
643 1618 761 1676 dedunt.
804 1617 861 1677 Ille
882 1620 1009 1677 maxima
1029 1638 1101 1697 prae-

88 1715 213 1773 sentium
236 1734 371 1772 curarum
392 1721 476 1791 parte
500 1714 649 1787 liberatus,
665 1714 807 1773 convertit
832 1714 959 1772 animum
981 1713 1018 1772 ad
1039 1714 1099 1773 vin*

88 1808 225 1867 dandas
247 1808 370 1886 injurias
392 1827 500 1883 eorum,
514 1808 620 1886 quibus
640 1828 659 1865 a
679 1807 860 1867 Praetoribus
880 1809 941 1866 suis
959 1810 1045 1867 avare
1067 1826 1100 1865 ae

89 1904 210 1982 superbe
238 1903 443 1980 imperabatur.
499 1903 579 1979 Idrgd
606 1902 823 1980 Phratapherni
851 1902 1041 1980 Hyrcaniam,
1070 1910 1100 1959 et

90 2000 208 2057 Mardos
231 2019 297 2057 cnm
320 1999 445 2076 Tapyris
467 1998 600 2073 tradidit,
622 1998 828 2075 mandavitque
851 2006 886 2055 ut
910 1997 1099 2072 Phradatem,

90 2096 134 2152 eui
155 2094 340 2168 succedebat,
354 2095 392 2153 ad
415 2113 447 2153 se
471 2095 502 2151 in
523 2094 685 2153 custodiam
706 2093 843 2151 mitteret.
887 2093 995 2151 Arsani
1011 2094 1101 2151 Dran·

90 2208 185 2248 aarum
200 2190 348 2249 Praefecto
358 2189 535 2249 substitutus
548 2195 594 2248 est
608 2188 756 2249 Stasanor.
786 2187 912 2247 Arsaces
927 2188 956 2246 in
972 2188 1101 2248 Mediam

90 2285 201 2361 missua,
228 2293 264 2343 ut
294 2285 445 2362 Oxydates
472 2284 540 2343 inde
567 2285 738 2343 discederet.
788 2283 959 2362 Babylonia,
987 2293 1101 2344 mortuo

93 2379 212 2454 Mazaeo,
228 2381 361 2440 Stameni
375 2380 505 2456 subjecta
518 2386 571 2438 est.

146 2475 204 2536 IV.
232 2478 276 2534 14.
299 2475 358 2532 His
379 2475 555 2552 compositis,
570 2474 659 2532 tertio
680 2494 777 2533 mense
799 2495 835 2534 ex
855 2475 992 2552 hybernis
1012 2477 1103 2534 movit

91 2572 260 2644 exercitum,
274 2571 430 2647 regionem,
444 2590 511 2648 quae
530 2569 649 2630 Gabene
668 2570 841 2648 appellatur,
856 2571 996 2646 aditurus.
1039 2553 1101 2629 Pri·

90 2685 153 2724 mus
164 2666 228 2726 dies
241 2665 373 2744 quietum
386 2666 442 2723 iter
455 2665 597 2743 praebuit:
617 2666 767 2742 proximus
788 2665 824 2740 ei,
845 2665 972 2724 nondum
985 2665 1103 2745 quidem

90 2761 267 2837 procellosus
294 2767 325 2818 et
350 2760 455 2835 tristis,
468 2759 631 2820 ‘obscurior
658 2767 756 2818 tamen
789 2760 921 2838 pristino,
950 2779 1007 2818 non
1041 2761 1103 2818 sine

91 2856 175 2914 minis
197 2856 354 2916 crescentis
374 2855 445 2914 mali
465 2855 614 2932 preteriit
659 2855 759 2913 Tertio
780 2855 816 2914 ab
838 2855 916 2913 omui
939 2863 1022 2932 parte
1037 2855 1119 2913 coeli·

91 2952 213 3012 emicare
227 2951 355 3028 fulgura,
370 2958 401 3009 et
414 2970 490 3009 nunc
514 2950 702 3019 internitente
724 2950 796 3024 luce,
811 2969 886 3008 nune
900 2951 1025 3027 condita,
1038 2967 1104 3008 non

91 3047 188 3106 oculos
212 3046 302 3105 modo
326 3045 449 3104 meantis
471 3045 629 3119 exercitata,
651 3045 703 3104 sed
727 3045 814 3102 etiam
839 3045 950 3103 animos
974 3046 1104 3104 ¹terrere

91 3150 248 3219 coeperunt.
292 3140 368 3199 Erat
387 3140 478 3217 prope
502 3141 656 3198 continuus
678 3139 743 3198 coeli
757 3141 863 3217 fragor,
878 3145 909 3198 et
928 3142 1038 3218 passim
1061 3161 1104 3200 ea·

92 3237 221 3296 dentium
253 3235 408 3296 fulminum
437 3235 547 3313 species
574 3235 741 3295 visebatur:
771 3236 960 3314 attonitisque
987 3237 1105 3295 auribus

91 3340 213 3411 stupens
237 3351 348 3409 agmen,
372 3349 425 3390 neo
445 3330 592 3408 progredi,
606 3350 659 3389 nee
681 3330 830 3390 considere
853 3331 985 3392 audebat.
1029 3333 1123 3390 Tum-

91 3429 210 3505 repentd
234 3427 336 3500 imber,
350 3426 521 3504 grandinem
542 3424 693 3498 incutiens,
719 3425 858 3484 torrentis
880 3427 965 3484 modo
987 3426 1105 3483 effundi·

92 3528 147 3579 tnr.
189 3522 240 3580 Ac
263 3520 357 3598 primd
377 3520 494 3598 quidem
518 3519 605 3578 armis
629 3519 689 3578 suis
711 3520 781 3578 teeti
802 3520 1003 3597 'exceperant
1046 3518 1105 3578 Sed

99 3616 160 3692 jam
180 3634 237 3674 nec
249 3614 375 3674 retinere
397 3633 478 3672 arma
499 3613 619 3674 lubrica
639 3621 670 3672 et
690 3614 817 3692 rigentes
839 3633 941 3671 manus
962 3619 1104 3690 poteraut,

93 3708 163 3768 'nec
185 3710 244 3788 ipsi
264 3709 409 3768 destinare
433 3711 463 3766 in
485 3729 572 3787 qnam
592 3709 738 3786 regionem
766 3708 951 3767 obverterent
978 3725 1105 3782 corpora,

94 3807 156 3864 edm
177 3803 310 3882 undique
335 3804 518 3880 tempestatis
544 3802 684 3862 violentia
707 3804 807 3878 major,
835 3803 923 3879 quam
949 3800 1105 3874 vitabatur,

93 3907 267 3969 cacunemt
310 3897 394 3978 Ergo
418 3897 568 3958 ordinibus
588 3897 769 3975 solutis,'per
790 3904 885 3954 totum
906 3895 1013 3956 saltum
1033 3915 1108 3954 erra·
