2592 4400
386 431 510 470 urens
537 432 590 473 vr.
621 430 709 470 car.
741 432 785 472 11.
1036 412 1090 469 113

74 570 200 628 horrens
213 568 391 647 'peregrinis
411 569 531 629 auribus
552 589 674 629 carmen.
719 570 804 629 Inter
824 587 896 647 quas
917 588 1003 627 unam
1024 566 1090 626 Rex
1143 574 1146 579 '

73 666 141 742 ipse
156 666 308 742 conspexit
320 666 496 724 moestiorem
509 666 597 745 quam
610 674 738 740 caeteras,
748 673 778 725 et
786 665 1011 743 producentibus
1026 683 1089 721 eam
1116 658 1135 711 s
1143 680 1149 702 ¹
1179 664 1190 697 Ι
1222 710 1224 715 ,

74 761 242 819 verecunde
266 760 464 820 reluctantem.
509 761 667 820 Excellens
692 769 755 819 erat
781 763 883 834 forma,
912 766 941 819 et
968 760 1089 844 formem

72 856 173 932 pudor
187 855 366 914 honestabat.
408 856 541 933 Dejectis
554 856 585 913 in
595 864 704 915 terram
715 856 814 929 oculis,
830 864 859 914 et
870 858 1008 934 quantum
1022 853 1088 912 lice·

73 951 137 1023 bat,
154 969 204 1008 ore
230 950 336 1023 velato,
359 950 549 1027 suspicionem
572 950 697 1027 praebuit
716 951 794 1028 Regi
817 950 988 1010 nobiliorem
1015 968 1088 1022 esse,

72 1044 167 1121 qulam
180 1051 215 1101 ut
228 1045 305 1103 inter
319 1044 483 1105 convivales
497 1044 581 1103 ludos
596 1044 716 1104 deberet
736 1044 859 1103 c'stendi.
902 1043 981 1120 Ergo
1003 1043 1087 1101 inter·

72 1146 179 1215 rugata
192 1158 325 1217 quaenam
338 1146 422 1220 esset,
444 1143 591 1216 “neptem
606 1158 638 1197 se
660 1138 744 1213 Ochi,
756 1139 806 1217 qui
827 1158 921 1215 nuper
940 1140 1089 1215 regnisset
1106 1174 1114 1194 a

71 1233 103 1290 in
119 1234 233 1307 Persis,
247 1234 307 1292 lilio
321 1237 384 1310 ejus
404 1235 531 1312 genitam
551 1235 641 1308 esse,’'
663 1234 830 1312 respoudit;
851 1236 995 1291 “uxorem
1012 1232 1087 1309 Hys-

72 1329 171 1406 taspis
184 1328 306 1387 luisse.'’
347 1329 534 1408 Propinquus
553 1329 601 1387 hic
622 1329 709 1387 Darii
729 1330 842 1405 fueret,
865 1328 961 1405 magni
983 1328 1088 1404 etipse

71 1423 225 1481 exercitate
240 1423 363 1483 Praetor.
425 1424 533 1482 Adhuc
553 1424 585 1481 in
605 1425 700 1483 auimo
723 1424 813 1504 Regis
834 1432 936 1483 tenues
956 1422 1088 1501 reliquiae

70 1519 193 1595 pristini
208 1519 296 1577 moris
310 1518 464 1578 haerebant.
498 1519 604 1597 Itaque
615 1519 760 1578 fortunam
774 1520 856 1599 regit
866 1520 956 1597 stirpe
970 1518 1086 1598 genitae,

71 1620 187 1671 ettam
208 1614 322 1673 celebre
342 1605 683 1688 nomen'rereritus,non
705 1615 813 1673 dimitti
835 1616 922 1675 mud‘o
945 1614 1086 1692 captivam
1117 1610 1180 1689 ',·''.2

71 1710 124 1769 sed
139 1710 231 1768 etiam
244 1710 363 1768 restitui
377 1710 405 1768 ei
427 1729 494 1768 suas
508 1730 577 1787 opes
597 1712 704 1787 jussit3
725 1712 821 1771 virum
835 1730 948 1790 quoquc
971 1710 1087 1788 requiri,

70 1813 105 1863 ut
118 1813 239 1882 reperto
253 1808 404 1884 conjugem
424 1804 568 1863 redderet.
611 1804 736 1864 Postero
761 1812 857 1863 antem
880 1805 926 1863 dic
948 1804 1087 1881 praecepit

72 1899 282 1977 Hephaestioni
296 1907 330 1956 ut
343 1918 441 1957 omnes
455 1900 583 1976 captivos
597 1899 628 1957 in
637 1900 747 1978 regiam
758 1900 876 1976 juberet
888 1898 993 1957 adduci
1005 1920 1010 1975 5
1026 1898 1086 1971 ubi,

71 1994 258 2073 singulorum
271 1994 423 2053 nobilitate
438 1998 578 2071 spectate,
592 1994 738 2053 ‘secrevit
751 1994 871 2073 evulgo,
883 2012 1005 2072 quorum
1020 1993 1086 2050 cmi·

71 2092 162 2151 nebat
174 2105 276 2169 genus.
334 2089 419 2147 Mille
432 2090 463 2148 hi
476 2090 605 2163 fuerunt,
620 2091 699 2147 inter
712 2108 783 2167 quos
797 2097 930 2166 repertus
944 2096 988 2147 est
1009 2088 1086 2149 Oxa·
1102 2111 1113 2142 ,·
1144 2139 1147 2147 ,
1173 2092 1179 2099 ’

71 2185 154 2244 three
169 2185 255 2244 Darii
268 2184 368 2258 frater,
382 2203 440 2242 non
454 2183 536 2243 illius
555 2184 683 2259 fortuut,
697 2185 787 2264 quem
809 2184 908 2244 indole
931 2183 1020 2243 animi
1041 2182 1087 2242 eui

72 2281 187 2340 clarior.
250 2278 364 2338 XXVI
390 2279 485 2337 mihis
510 2278 655 2338 talentum
683 2265 816 2357 proxima
840 2281 940 2358 praeda
967 2279 1087 2340 redacta

73 2384 176 2434 erant:
210 2395 227 2433 e
250 2375 333 2453 queis
355 2393 398 2432 xu
419 2374 513 2433 millia
533 2375 563 2432 in
587 2375 765 2454 congiarium
787 2375 913 2434 militnm
934 2376 1086 2452 absumpta

73 2478 150 2529 aaut.
194 2470 256 2529 Par
277 2470 344 2527 huic
364 2470 493 2548 pecuniae
508 2489 618 2528 summa
630 2472 784 2529 custodum
805 2471 907 2530 fraude
922 2471 1086 2530 substracta.

73 2573 126 2624 eat.
170 2563 324 2642 Oxydates
337 2572 401 2623 erat
414 2565 519 2623 nobilis
534 2564 649 2640 Perses,
665 2565 723 2644 qui,
747 2586 764 2624 a
784 2566 874 2625 Dario
889 2567 1005 2644 capitali
1019 2585 1084 2643 sup·
1108 2581 1121 2628 κ’
1170 2587 1180 2614 ι’

72 2661 161 2737 plicia
186 2660 358 2734 destinatus,
385 2659 575 2719 cohibebatur
601 2661 632 2718 in
659 2661 790 2721 vinculis.
855 2661 934 2720 Huic
961 2661 1084 2720 liberato

73 2755 251 2833 Sutrcpiam-
265 2754 374 2813 Mediae
397 2755 549 2830 attribuit]
582 2756 761 2834 fratremque
790 2755 873 2814 Darii
907 2756 1020 2832 recepit
1055 2756 1085 2814 in

72 2851 221 2910 cohortem
235 2849 401 2923 amicorum,
415 2850 493 2908 omni
505 2857 631 2910 uetustae
644 2849 786 2908 claritatis
800 2850 907 2908 honore
922 2857 1043 2908 servato.

131 2951 159 3005 5.
183 2945 264 3004 Hinc
290 2945 321 3002 in
345 2944 534 3004 Parthieuem
556 2952 727 3023 peruentum
752 2953 806 3018 est,
836 2951 906 3003 tunc
930 2944 1085 3022 ignobilem

72 3027 206 3121 gentem,
214 3059 291 3098 nunc
313 3046 401 3118 caput
414 3041 552 3115 omnium,
566 3041 618 3119 qui
640 3047 708 3117 post
731 3039 913 3117 Euphratem
928 3048 958 3098 et
973 3039 1085 3118 Tigrim
1112 3049 1116 3059 ’
1132 3059 1139 3108 ;

73 3155 172 3196 amnes
185 3135 246 3210 siti,
259 3133 349 3194 rubro
361 3135 435 3192 mari
455 3135 655 3193 terminantur.
707 3134 824 3212 Scythae
845 3135 992 3214 regionem
1012 3155 1084 3194 cam·

72 3239 202 3308 pestrem
230 3249 264 3289 uc
296 3229 424 3290 fertilem
451 3238 673 3308 occupaverunt,
702 3231 822 3310 'muca
856 3231 950 3290 adhuc
971 3233 1084 3296 accolae.

73 3327 167 3387 Sedes
190 3325 299 3385 habeut
319 3333 350 3384 ct
373 3326 405 3382 in
426 3325 556 3403 Europa,
581 3333 611 3383 et
632 3325 664 3384 iu
691 3325 774 3384 Asia.
818 3325 876 3396 Qui
898 3345 985 3404 super
1013 3327 1085 3386 Bos·
1150 3335 1152 3342 '

72 3423 195 3500 phorum
208 3421 317 3495 colunt,
332 3419 536 3480 adscribuntur
558 3420 648 3480 Asiae.
691 3421 801 3500 Atqui
822 3421 852 3480 in
874 3421 994 3498 hlurcpd
1008 3430 1084 3496 sunt,

73 3517 177 3576 alaeve
191 3515 322 3574 Thraciae
335 3515 427 3574 latere
437 3515 474 3573 ad
489 3515 711 3592 Borysthenem,
726 3523 813 3594 atque
827 3516 894 3575 inde
909 3516 947 3574 ad
963 3517 1085 3576 Tanaim

74 3611 161 3669 alium
184 3629 308 3684 amnem,
332 3608 433 3668 ‘recte
454 3609 542 3688 plaga
557 3610 699 3668 attinent.
753 3610 859 3668 Tanais
885 3610 1031 3686 Europam
1056 3617 1086 3667 et

74 3707 178 3765 Asiam
205 3705 319 3764 medius
347 3707 503 3764 interfluit:
534 3726 587 3764 nec
614 3706 766 3767 dubitetur
793 3705 863 3784 quin
892 3705 1008 3781 Scythae
1036 3705 1086 3781 qui

74 3798 200 3859 Parthos
222 3799 387 3874 condidere,
409 3818 468 3857 non
487 3820 505 3857 a
525 3799 684 3877 Bosphoro,
700 3799 751 3858 sed
766 3819 801 3857 ex
820 3799 936 3876 regione
960 3797 1087 3875 Iluropae

73 3895 306 3969 penetraverint>
339 3894 419 3954 Urbs
433 3899 497 3952 erat
509 3897 544 3951 et
559 3901 731 3972 tempestate
756 3894 834 3953 clara
850 3892 1087 3971 Hecatompylos,
