<?xml version="1.0" encoding="UTF-8"?>
<!DOCTYPE html PUBLIC "-//W3C//DTD XHTML 1.0 Transitional//EN"
    "http://www.w3.org/TR/xhtml1/DTD/xhtml1-transitional.dtd">
<html xmlns="http://www.w3.org/1999/xhtml" xml:lang="en" lang="en">
 <head>
  <title>
</title>
<meta http-equiv="Content-Type" content="text/html;charset=utf-8" />
  <meta name='ocr-system' content='tesseract 3.04.00' />
  <meta name='ocr-capabilities' content='ocr_page ocr_carea ocr_par ocr_line ocrx_word'/>
</head>
<body>
  <div class='ocr_page' id='page_1' title='image "./quintuscurtiusr00crosgoog_0024.png"; bbox 0 0 2592 4400; ppageno 0'>
   <div class='ocr_carea' id='block_1_1' title="bbox 433 374 1136 432">
    <p class='ocr_par' dir='ltr' id='par_1_1' title="bbox 433 374 1136 432">
     <span class='ocr_line' id='line_1_1' title="bbox 433 374 1136 432; baseline 0.006 -5"><span class='ocrx_word' id='word_1_1' title='bbox 433 388 555 430; x_wconf 82' lang='lat' dir='ltr'>arasa</span> <span class='ocrx_word' id='word_1_2' title='bbox 577 389 636 430; x_wconf 89' lang='lat'>111.</span> <span class='ocrx_word' id='word_1_3' title='bbox 667 390 752 430; x_wconf 75' lang='lat' dir='ltr'>osa.</span> <span class='ocrx_word' id='word_1_4' title='bbox 781 391 843 430; x_wconf 88' lang='lat'>111.</span> <span class='ocrx_word' id='word_1_5' title='bbox 1106 374 1136 432; x_wconf 91' lang='lat' dir='ltr'>ll</span> 
     </span>
    </p>
   </div>
   <div class='ocr_carea' id='block_1_2' title="bbox 6 527 1219 3930">
    <p class='ocr_par' dir='ltr' id='par_1_2' title="bbox 40 527 1140 606">
     <span class='ocr_line' id='line_1_2' title="bbox 40 527 1140 606; baseline 0 -18"><span class='ocrx_word' id='word_1_6' title='bbox 40 527 232 604; x_wconf 67' lang='lat' dir='ltr'>‘sa-habitu</span> <span class='ocrx_word' id='word_1_7' title='bbox 246 527 420 605; x_wconf 90' lang='lat' dir='ltr'>perductum</span> <span class='ocrx_word' id='word_1_8' title='bbox 441 547 504 586; x_wconf 89' lang='lat' dir='ltr'>esse</span> <span class='ocrx_word' id='word_1_9' title='bbox 518 527 667 588; x_wconf 82' lang='lat' dir='ltr'>vidisset”</span> <span class='ocrx_word' id='word_1_10' title='bbox 710 527 837 598; x_wconf 81' lang='lat' dir='ltr'>Quidam</span> <span class='ocrx_word' id='word_1_11' title='bbox 850 535 951 588; x_wconf 82' lang='lat' dir='ltr'>oontm</span> <span class='ocrx_word' id='word_1_12' title='bbox 964 528 1140 606; x_wconf 84' lang='lat' dir='ltr'>auguraban-</span> 
     </span>
    </p>

    <p class='ocr_par' dir='ltr' id='par_1_3' title="bbox 22 622 1140 703">
     <span class='ocr_line' id='line_1_3' title="bbox 22 622 1140 703; baseline 0.001 -21"><span class='ocrx_word' id='word_1_13' title='bbox 22 625 23 634; x_wconf 74' lang='grc'>’</span> <span class='ocrx_word' id='word_1_14' title='bbox 126 632 191 682; x_wconf 88' lang='lat' dir='ltr'>tur:</span> <span class='ocrx_word' id='word_1_15' title='bbox 222 624 263 658; x_wconf 86' lang='lat'>⁷“</span> <span class='ocrx_word' id='word_1_16' title='bbox 273 624 380 702; x_wconf 90' lang='lat' dir='ltr'>quippe</span> <span class='ocrx_word' id='word_1_17' title='bbox 408 622 537 682; x_wconf 78' lang='lat' dir='ltr'><strong>illustria</strong></span> <span class='ocrx_word' id='word_1_18' title='bbox 565 623 758 682; x_wconf 75' lang='lat' dir='ltr'>Macedonum</span> <span class='ocrx_word' id='word_1_19' title='bbox 786 631 883 683; x_wconf 87' lang='lat' dir='ltr'>castra</span> <span class='ocrx_word' id='word_1_20' title='bbox 905 624 977 698; x_wconf 83' lang='lat' dir='ltr'>visa,</span> <span class='ocrx_word' id='word_1_21' title='bbox 998 624 1140 703; x_wconf 85' lang='lat' dir='ltr'><strong>fulgorem</strong></span> 
     </span>
    </p>

    <p class='ocr_par' dir='ltr' id='par_1_4' title="bbox 126 717 1141 795">
     <span class='ocr_line' id='line_1_4' title="bbox 126 717 1141 795; baseline 0.001 -18"><span class='ocrx_word' id='word_1_22' title='bbox 126 719 299 778; x_wconf 83' lang='lat' dir='ltr'>Alexandro</span> <span class='ocrx_word' id='word_1_23' title='bbox 314 717 495 794; x_wconf 75' lang='lat' dir='ltr'>portendere,</span> <span class='ocrx_word' id='word_1_24' title='bbox 511 737 596 795; x_wconf 90' lang='lat' dir='ltr'>quem</span> <span class='ocrx_word' id='word_1_25' title='bbox 610 737 732 794; x_wconf 88' lang='lat' dir='ltr'>regnum</span> <span class='ocrx_word' id='word_1_26' title='bbox 747 718 831 777; x_wconf 85' lang='lat' dir='ltr'>Asiae</span> <span class='ocrx_word' id='word_1_27' title='bbox 846 727 1052 795; x_wconf 89' lang='lat' dir='ltr'>occupaturum</span> <span class='ocrx_word' id='word_1_28' title='bbox 1068 739 1141 793; x_wconf 88' lang='lat' dir='ltr'>esse,</span> 
     </span>
    </p>

    <p class='ocr_par' dir='ltr' id='par_1_5' title="bbox 125 812 1140 891">
     <span class='ocr_line' id='line_1_5' title="bbox 125 812 1140 891; baseline 0.004 -21"><span class='ocrx_word' id='word_1_29' title='bbox 125 813 203 872; x_wconf 91' lang='lat' dir='ltr'>haud</span> <span class='ocrx_word' id='word_1_30' title='bbox 217 813 372 891; x_wconf 81' lang='lat' dir='ltr'>ambigere,</span> <span class='ocrx_word' id='word_1_31' title='bbox 386 812 522 889; x_wconf 89' lang='lat' dir='ltr'>quoniam</span> <span class='ocrx_word' id='word_1_32' title='bbox 537 812 568 870; x_wconf 89' lang='lat' dir='ltr'>in</span> <span class='ocrx_word' id='word_1_33' title='bbox 582 812 683 870; x_wconf 89' lang='lat' dir='ltr'>eodem</span> <span class='ocrx_word' id='word_1_34' title='bbox 703 813 806 872; x_wconf 88' lang='lat' dir='ltr'>habitu</span> <span class='ocrx_word' id='word_1_35' title='bbox 820 812 928 872; x_wconf 89' lang='lat' dir='ltr'>Darius</span> <span class='ocrx_word' id='word_1_36' title='bbox 942 814 1056 890; x_wconf 81' lang='lat' dir='ltr'>fuisset,</span> <span class='ocrx_word' id='word_1_37' title='bbox 1072 815 1140 874; x_wconf 76' lang='lat' dir='ltr'>erim</span> 
     </span>
    </p>

    <p class='ocr_par' dir='ltr' id='par_1_6' title="bbox 125 907 1195 985">
     <span class='ocr_line' id='line_1_6' title="bbox 125 907 1195 985; baseline 0.002 -19"><span class='ocrx_word' id='word_1_38' title='bbox 125 908 291 985; x_wconf 88' lang='lat' dir='ltr'>appellatus</span> <span class='ocrx_word' id='word_1_39' title='bbox 306 914 350 966; x_wconf 89' lang='lat' dir='ltr'>est</span> <span class='ocrx_word' id='word_1_40' title='bbox 365 907 440 966; x_wconf 88' lang='lat' dir='ltr'>Rex.</span> <span class='ocrx_word' id='word_1_41' title='bbox 483 907 595 965; x_wconf 85' lang='lat' dir='ltr'>Vetera</span> <span class='ocrx_word' id='word_1_42' title='bbox 609 926 724 985; x_wconf 89' lang='lat' dir='ltr'>quoque</span> <span class='ocrx_word' id='word_1_43' title='bbox 738 907 843 980; x_wconf 88' lang='lat' dir='ltr'>omina,</span> <span class='ocrx_word' id='word_1_44' title='bbox 858 908 908 966; x_wconf 81' lang='lat' dir='ltr'>⁸ut</span> <span class='ocrx_word' id='word_1_45' title='bbox 921 909 962 983; x_wconf 80' lang='lat' dir='ltr'>fit,</span> <span class='ocrx_word' id='word_1_46' title='bbox 975 909 1140 969; x_wconf 88' lang='lat' dir='ltr'>sollicitudo</span> <span class='ocrx_word' id='word_1_47' title='bbox 1189 934 1195 946; x_wconf 75' lang='lat'><em>·</em></span> 
     </span>
    </p>

    <p class='ocr_par' dir='ltr' id='par_1_7' title="bbox 51 1001 1139 1080">
     <span class='ocr_line' id='line_1_7' title="bbox 51 1001 1139 1080; baseline 0 -19"><span class='ocrx_word' id='word_1_48' title='bbox 51 1008 327 1078; x_wconf 65' lang='lat' dir='ltr'>Aaerevocaverat3</span> <span class='ocrx_word' id='word_1_49' title='bbox 351 1005 367 1034; x_wconf 89' lang='lat'><strong>“</strong></span> <span class='ocrx_word' id='word_1_50' title='bbox 378 1001 498 1062; x_wconf 84' lang='lat' dir='ltr'>Darium</span> <span class='ocrx_word' id='word_1_51' title='bbox 514 1002 589 1060; x_wconf 92' lang='lat' dir='ltr'>enim</span> <span class='ocrx_word' id='word_1_52' title='bbox 606 1001 636 1058; x_wconf 92' lang='lat' dir='ltr'>in</span> <span class='ocrx_word' id='word_1_53' title='bbox 656 1001 797 1078; x_wconf 89' lang='lat' dir='ltr'>principio</span> <span class='ocrx_word' id='word_1_54' title='bbox 809 1001 927 1079; x_wconf 84' lang='lat' dir='ltr'>imperii</span> <span class='ocrx_word' id='word_1_55' title='bbox 939 1003 1071 1080; x_wconf 89' lang='lat' dir='ltr'>vaginam</span> <span class='ocrx_word' id='word_1_56' title='bbox 1086 1005 1139 1062; x_wconf 88' lang='lat' dir='ltr'>aoi-</span> 
     </span>
    </p>

    <p class='ocr_par' dir='ltr' id='par_1_8' title="bbox 24 1096 1141 1176">
     <span class='ocr_line' id='line_1_8' title="bbox 24 1096 1141 1176; baseline 0 -20"><span class='ocrx_word' id='word_1_57' title='bbox 24 1113 28 1122; x_wconf 83' lang='lat'><em>·</em></span> <span class='ocrx_word' id='word_1_58' title='bbox 125 1097 207 1156; x_wconf 84' lang='lat' dir='ltr'>nucis</span> <span class='ocrx_word' id='word_1_59' title='bbox 233 1096 382 1156; x_wconf 78' lang='lat' dir='ltr'>Persicam</span> <span class='ocrx_word' id='word_1_60' title='bbox 404 1097 526 1173; x_wconf 86' lang='lat' dir='ltr'>jussisse</span> <span class='ocrx_word' id='word_1_61' title='bbox 547 1097 655 1154; x_wconf 88' lang='lat' dir='ltr'>mutari</span> <span class='ocrx_word' id='word_1_62' title='bbox 675 1097 705 1155; x_wconf 92' lang='lat' dir='ltr'>in</span> <span class='ocrx_word' id='word_1_63' title='bbox 726 1117 789 1156; x_wconf 83' lang='lat' dir='ltr'>eam</span> <span class='ocrx_word' id='word_1_64' title='bbox 815 1098 946 1170; x_wconf 87' lang='lat' dir='ltr'>formam,</span> <span class='ocrx_word' id='word_1_65' title='bbox 960 1101 1018 1176; x_wconf 78' lang='lat' dir='ltr'>qut</span> <span class='ocrx_word' id='word_1_66' title='bbox 1043 1097 1141 1158; x_wconf 80' lang='lat' dir='ltr'>Graeci</span> 
     </span>
    </p>

    <p class='ocr_par' dir='ltr' id='par_1_9' title="bbox 125 1190 1140 1270">
     <span class='ocr_line' id='line_1_9' title="bbox 125 1190 1140 1270; baseline -0.001 -19"><span class='ocrx_word' id='word_1_67' title='bbox 125 1199 298 1267; x_wconf 87' lang='lat' dir='ltr'>uterentur;</span> <span class='ocrx_word' id='word_1_68' title='bbox 331 1191 518 1270; x_wconf 77' lang='lat' dir='ltr'>protinusque</span> <span class='ocrx_word' id='word_1_69' title='bbox 551 1190 705 1250; x_wconf 73' lang='lat' dir='ltr'>Chaldaeos</span> <span class='ocrx_word' id='word_1_70' title='bbox 739 1190 955 1270; x_wconf 89' lang='lat' dir='ltr'>interpretatos,</span> <span class='ocrx_word' id='word_1_71' title='bbox 986 1192 1140 1269; x_wconf 91' lang='lat' dir='ltr'>imperium</span> 
     </span>
    </p>

    <p class='ocr_par' dir='ltr' id='par_1_10' title="bbox 125 1286 1139 1363">
     <span class='ocr_line' id='line_1_10' title="bbox 125 1286 1139 1363; baseline 0.001 -18"><span class='ocrx_word' id='word_1_72' title='bbox 125 1287 284 1346; x_wconf 80' lang='lat' dir='ltr'>Persarum</span> <span class='ocrx_word' id='word_1_73' title='bbox 304 1287 342 1345; x_wconf 85' lang='lat' dir='ltr'>ad</span> <span class='ocrx_word' id='word_1_74' title='bbox 356 1305 405 1344; x_wconf 90' lang='lat' dir='ltr'>eos</span> <span class='ocrx_word' id='word_1_75' title='bbox 426 1286 626 1359; x_wconf 87' lang='lat' dir='ltr'>transiturum,</span> <span class='ocrx_word' id='word_1_76' title='bbox 641 1305 764 1363; x_wconf 89' lang='lat' dir='ltr'>quorum</span> <span class='ocrx_word' id='word_1_77' title='bbox 783 1306 863 1344; x_wconf 87' lang='lat' dir='ltr'>arma</span> <span class='ocrx_word' id='word_1_78' title='bbox 883 1294 960 1346; x_wconf 87' lang='lat' dir='ltr'>esset</span> <span class='ocrx_word' id='word_1_79' title='bbox 980 1288 1139 1348; x_wconf 86' lang='lat' dir='ltr'>imitatns.’&#39;</span> 
     </span>
    </p>

    <p class='ocr_par' dir='ltr' id='par_1_11' title="bbox 126 1381 1202 1462">
     <span class='ocr_line' id='line_1_11' title="bbox 126 1381 1202 1462; baseline -0.002 -20"><span class='ocrx_word' id='word_1_80' title='bbox 126 1381 277 1442; x_wconf 81' lang='lat' dir='ltr'>Oaaterdm</span> <span class='ocrx_word' id='word_1_81' title='bbox 298 1382 359 1460; x_wconf 87' lang='lat' dir='ltr'>ipse</span> <span class='ocrx_word' id='word_1_82' title='bbox 373 1388 404 1439; x_wconf 89' lang='lat' dir='ltr'>et</span> <span class='ocrx_word' id='word_1_83' title='bbox 423 1383 542 1440; x_wconf 12' lang='lat' dir='ltr'>‘avarum</span> <span class='ocrx_word' id='word_1_84' title='bbox 562 1400 708 1457; x_wconf 91' lang='lat' dir='ltr'>responso,</span> <span class='ocrx_word' id='word_1_85' title='bbox 723 1381 803 1459; x_wconf 90' lang='lat' dir='ltr'>quod</span> <span class='ocrx_word' id='word_1_86' title='bbox 824 1382 964 1442; x_wconf 77' lang='lat' dir='ltr'>edebatur</span> <span class='ocrx_word' id='word_1_87' title='bbox 978 1383 1009 1440; x_wconf 92' lang='lat' dir='ltr'>in</span> <span class='ocrx_word' id='word_1_88' title='bbox 1024 1383 1138 1462; x_wconf 85' lang='lat' dir='ltr'>vulgus,</span> <span class='ocrx_word' id='word_1_89' title='bbox 1194 1425 1202 1440; x_wconf 90' lang='lat'>.</span> 
     </span>
    </p>

    <p class='ocr_par' dir='ltr' id='par_1_12' title="bbox 40 1471 1138 1648">
     <span class='ocr_line' id='line_1_12' title="bbox 40 1471 1138 1555; baseline 0 -19"><span class='ocrx_word' id='word_1_90' title='bbox 40 1471 156 1542; x_wconf 51' lang='lat' dir='ltr'>‘stet</span> <span class='ocrx_word' id='word_1_91' title='bbox 169 1477 274 1554; x_wconf 90' lang='lat' dir='ltr'>specie,</span> <span class='ocrx_word' id='word_1_92' title='bbox 289 1496 354 1555; x_wconf 80' lang='lat' dir='ltr'>quae</span> <span class='ocrx_word' id='word_1_93' title='bbox 367 1496 418 1553; x_wconf 90' lang='lat' dir='ltr'>per</span> <span class='ocrx_word' id='word_1_94' title='bbox 433 1476 574 1534; x_wconf 87' lang='lat' dir='ltr'>somnium</span> <span class='ocrx_word' id='word_1_95' title='bbox 590 1475 688 1536; x_wconf 87' lang='lat' dir='ltr'>oblata</span> <span class='ocrx_word' id='word_1_96' title='bbox 707 1483 780 1550; x_wconf 87' lang='lat' dir='ltr'>erat,</span> <span class='ocrx_word' id='word_1_97' title='bbox 794 1475 947 1536; x_wconf 89' lang='lat' dir='ltr'>admodum</span> <span class='ocrx_word' id='word_1_98' title='bbox 969 1478 1064 1553; x_wconf 87' lang='lat' dir='ltr'>laetus,</span> <span class='ocrx_word' id='word_1_99' title='bbox 1079 1498 1138 1537; x_wconf 90' lang='lat' dir='ltr'>cas·</span> 
     </span>
     <span class='ocr_line' id='line_1_13' title="bbox 125 1569 648 1648; baseline -0.008 -18"><span class='ocrx_word' id='word_1_100' title='bbox 125 1579 172 1630; x_wconf 90' lang='lat' dir='ltr'>tra</span> <span class='ocrx_word' id='word_1_101' title='bbox 186 1572 223 1629; x_wconf 89' lang='lat' dir='ltr'>ad</span> <span class='ocrx_word' id='word_1_102' title='bbox 239 1571 419 1648; x_wconf 84' lang='lat' dir='ltr'>Euphratem</span> <span class='ocrx_word' id='word_1_103' title='bbox 434 1569 543 1629; x_wconf 84' lang='lat' dir='ltr'>moveri</span> <span class='ocrx_word' id='word_1_104' title='bbox 555 1569 648 1646; x_wconf 90' lang='lat' dir='ltr'>jubet.</span> 
     </span>
    </p>

    <p class='ocr_par' dir='ltr' id='par_1_13' title="bbox 122 1663 1219 1931">
     <span class='ocr_line' id='line_1_14' title="bbox 185 1663 1139 1744; baseline 0 -18"><span class='ocrx_word' id='word_1_105' title='bbox 185 1670 211 1726; x_wconf 85' lang='grc'>7.</span> <span class='ocrx_word' id='word_1_106' title='bbox 235 1666 337 1726; x_wconf 91' lang='lat' dir='ltr'>Patrio</span> <span class='ocrx_word' id='word_1_107' title='bbox 351 1685 429 1724; x_wconf 89' lang='lat' dir='ltr'>mora</span> <span class='ocrx_word' id='word_1_108' title='bbox 451 1664 609 1744; x_wconf 83' lang='lat' dir='ltr'>Persarum</span> <span class='ocrx_word' id='word_1_109' title='bbox 630 1663 771 1722; x_wconf 88' lang='lat' dir='ltr'>traditum</span> <span class='ocrx_word' id='word_1_110' title='bbox 785 1673 838 1739; x_wconf 90' lang='lat' dir='ltr'>est,</span> <span class='ocrx_word' id='word_1_111' title='bbox 854 1673 916 1725; x_wconf 86' lang='lat' dir='ltr'>orto</span> <span class='ocrx_word' id='word_1_112' title='bbox 939 1667 1008 1741; x_wconf 88' lang='lat' dir='ltr'>sole,</span> <span class='ocrx_word' id='word_1_113' title='bbox 1023 1667 1139 1726; x_wconf 89' lang='lat' dir='ltr'>demum</span> 
     </span>
     <span class='ocr_line' id='line_1_15' title="bbox 124 1758 1219 1842; baseline 0 -22"><span class='ocrx_word' id='word_1_114' title='bbox 124 1760 290 1838; x_wconf 76' lang='lat' dir='ltr'>procedere.</span> <span class='ocrx_word' id='word_1_115' title='bbox 333 1759 420 1817; x_wconf 74' lang='lat' dir='ltr'>llDie</span> <span class='ocrx_word' id='word_1_116' title='bbox 441 1761 502 1835; x_wconf 88' lang='lat' dir='ltr'>jam</span> <span class='ocrx_word' id='word_1_117' title='bbox 526 1758 634 1816; x_wconf 84' lang='lat' dir='ltr'>illustri</span> <span class='ocrx_word' id='word_1_118' title='bbox 659 1758 772 1835; x_wconf 88' lang='lat' dir='ltr'>signum</span> <span class='ocrx_word' id='word_1_119' title='bbox 797 1779 813 1817; x_wconf 87' lang='lat' dir='ltr'>a</span> <span class='ocrx_word' id='word_1_120' title='bbox 835 1760 1021 1820; x_wconf 90' lang='lat' dir='ltr'>tabernaculo</span> <span class='ocrx_word' id='word_1_121' title='bbox 1045 1762 1139 1842; x_wconf 84' lang='lat' dir='ltr'>Regis</span> <span class='ocrx_word' id='word_1_122' title='bbox 1215 1779 1219 1788; x_wconf 85' lang='lat'>·</span> 
     </span>
     <span class='ocr_line' id='line_1_16' title="bbox 122 1853 1201 1931; baseline 0 -15"><span class='ocrx_word' id='word_1_123' title='bbox 122 1856 247 1916; x_wconf 77' lang='lat' dir='ltr'>buccina</span> <span class='ocrx_word' id='word_1_124' title='bbox 268 1855 407 1930; x_wconf 86' lang='lat' dir='ltr'>dabatur;</span> <span class='ocrx_word' id='word_1_125' title='bbox 431 1873 518 1931; x_wconf 88' lang='lat' dir='ltr'>super</span> <span class='ocrx_word' id='word_1_126' title='bbox 538 1853 765 1927; x_wconf 86' lang='lat' dir='ltr'>tabernaculum,</span> <span class='ocrx_word' id='word_1_127' title='bbox 779 1854 855 1913; x_wconf 90' lang='lat' dir='ltr'>uude</span> <span class='ocrx_word' id='word_1_128' title='bbox 870 1854 906 1914; x_wconf 90' lang='lat' dir='ltr'>ab</span> <span class='ocrx_word' id='word_1_129' title='bbox 920 1857 1053 1916; x_wconf 86' lang='lat' dir='ltr'>omuibus</span> <span class='ocrx_word' id='word_1_130' title='bbox 1073 1877 1137 1916; x_wconf 91' lang='lat' dir='ltr'>con·</span> <span class='ocrx_word' id='word_1_131' title='bbox 1194 1879 1201 1891; x_wconf 92' lang='lat'>·</span> 
     </span>
    </p>

    <p class='ocr_par' dir='ltr' id='par_1_14' title="bbox 56 1947 1138 2411">
     <span class='ocr_line' id='line_1_17' title="bbox 56 1947 1138 2030; baseline -0.001 -19"><span class='ocrx_word' id='word_1_132' title='bbox 56 1951 197 2030; x_wconf 52' lang='lat' dir='ltr'>‘suspici</span> <span class='ocrx_word' id='word_1_133' title='bbox 218 1957 324 2028; x_wconf 89' lang='lat' dir='ltr'>posset,</span> <span class='ocrx_word' id='word_1_134' title='bbox 340 1949 464 2026; x_wconf 77' lang='lat' dir='ltr'>11imago</span> <span class='ocrx_word' id='word_1_135' title='bbox 486 1947 563 2007; x_wconf 85' lang='lat' dir='ltr'>Solis</span> <span class='ocrx_word' id='word_1_136' title='bbox 584 1947 722 2024; x_wconf 86' lang='lat' dir='ltr'>crystallo</span> <span class='ocrx_word' id='word_1_137' title='bbox 742 1947 854 2006; x_wconf 88' lang='lat' dir='ltr'>inclusa</span> <span class='ocrx_word' id='word_1_138' title='bbox 874 1949 1010 2027; x_wconf 83' lang='lat' dir='ltr'>fulgebat.</span> <span class='ocrx_word' id='word_1_139' title='bbox 1055 1950 1138 2011; x_wconf 91' lang='lat' dir='ltr'>Ordo</span> 
     </span>
     <span class='ocr_line' id='line_1_18' title="bbox 122 2042 1137 2124; baseline 0 -20"><span class='ocrx_word' id='word_1_140' title='bbox 122 2053 224 2104; x_wconf 86' lang='lat' dir='ltr'>autem</span> <span class='ocrx_word' id='word_1_141' title='bbox 237 2045 360 2124; x_wconf 88' lang='lat' dir='ltr'>agminis</span> <span class='ocrx_word' id='word_1_142' title='bbox 374 2051 437 2102; x_wconf 86' lang='lat' dir='ltr'>erat</span> <span class='ocrx_word' id='word_1_143' title='bbox 451 2043 535 2102; x_wconf 90' lang='lat' dir='ltr'>talis:</span> <span class='ocrx_word' id='word_1_144' title='bbox 558 2042 651 2120; x_wconf 84' lang='lat' dir='ltr'>Ignis,</span> <span class='ocrx_word' id='word_1_145' title='bbox 661 2062 747 2120; x_wconf 91' lang='lat' dir='ltr'>quem</span> <span class='ocrx_word' id='word_1_146' title='bbox 761 2043 817 2119; x_wconf 87' lang='lat' dir='ltr'>ipsi</span> <span class='ocrx_word' id='word_1_147' title='bbox 831 2063 942 2101; x_wconf 88' lang='lat' dir='ltr'>sacrum</span> <span class='ocrx_word' id='word_1_148' title='bbox 954 2053 984 2102; x_wconf 90' lang='lat' dir='ltr'>et</span> <span class='ocrx_word' id='word_1_149' title='bbox 997 2053 1137 2104; x_wconf 85' lang='lat' dir='ltr'>aeternum</span> 
     </span>
     <span class='ocr_line' id='line_1_19' title="bbox 122 2138 1137 2221; baseline 0 -21"><span class='ocrx_word' id='word_1_150' title='bbox 122 2142 274 2215; x_wconf 87' lang='lat' dir='ltr'>vocabant,</span> <span class='ocrx_word' id='word_1_151' title='bbox 290 2140 436 2220; x_wconf 85' lang='lat' dir='ltr'>argenteis</span> <span class='ocrx_word' id='word_1_152' title='bbox 457 2139 597 2199; x_wconf 89' lang='lat' dir='ltr'>altaribus</span> <span class='ocrx_word' id='word_1_153' title='bbox 618 2138 836 2216; x_wconf 81' lang='lat' dir='ltr'>praeferebatur.</span> <span class='ocrx_word' id='word_1_154' title='bbox 880 2141 900 2167; x_wconf 84' lang='lat'>¹²</span> <span class='ocrx_word' id='word_1_155' title='bbox 910 2139 992 2221; x_wconf 88' lang='lat' dir='ltr'>Magi</span> <span class='ocrx_word' id='word_1_156' title='bbox 1011 2141 1137 2219; x_wconf 87' lang='lat' dir='ltr'>proximi</span> 
     </span>
     <span class='ocr_line' id='line_1_20' title="bbox 122 2235 1136 2315; baseline 0 -20"><span class='ocrx_word' id='word_1_157' title='bbox 122 2238 254 2315; x_wconf 90' lang='lat' dir='ltr'>patrium</span> <span class='ocrx_word' id='word_1_158' title='bbox 269 2256 382 2295; x_wconf 88' lang='lat' dir='ltr'>carmen</span> <span class='ocrx_word' id='word_1_159' title='bbox 398 2236 545 2295; x_wconf 86' lang='lat' dir='ltr'>canebant.</span> <span class='ocrx_word' id='word_1_160' title='bbox 589 2235 694 2312; x_wconf 89' lang='lat' dir='ltr'>Magos</span> <span class='ocrx_word' id='word_1_161' title='bbox 714 2236 835 2293; x_wconf 88' lang='lat' dir='ltr'>trecenti</span> <span class='ocrx_word' id='word_1_162' title='bbox 849 2243 879 2294; x_wconf 87' lang='lat' dir='ltr'>et</span> <span class='ocrx_word' id='word_1_163' title='bbox 892 2238 1043 2315; x_wconf 85' lang='lat' dir='ltr'>sexaginta</span> <span class='ocrx_word' id='word_1_164' title='bbox 1056 2237 1136 2315; x_wconf 91' lang='lat' dir='ltr'>quiu-</span> 
     </span>
     <span class='ocr_line' id='line_1_21' title="bbox 121 2330 1136 2411; baseline -0.001 -20"><span class='ocrx_word' id='word_1_165' title='bbox 121 2352 179 2411; x_wconf 91' lang='lat' dir='ltr'>que</span> <span class='ocrx_word' id='word_1_166' title='bbox 191 2335 314 2409; x_wconf 84' lang='lat' dir='ltr'>juvenes</span> <span class='ocrx_word' id='word_1_167' title='bbox 329 2331 530 2410; x_wconf 88' lang='lat' dir='ltr'>sequebantur,</span> <span class='ocrx_word' id='word_1_168' title='bbox 545 2330 675 2407; x_wconf 88' lang='lat' dir='ltr'>puniceis</span> <span class='ocrx_word' id='word_1_169' title='bbox 689 2330 821 2389; x_wconf 89' lang='lat' dir='ltr'>amiculis</span> <span class='ocrx_word' id='word_1_170' title='bbox 835 2332 934 2409; x_wconf 86' lang='lat' dir='ltr'>velati,</span> <span class='ocrx_word' id='word_1_171' title='bbox 949 2334 968 2361; x_wconf 84' lang='lat'>¹¹</span> <span class='ocrx_word' id='word_1_172' title='bbox 978 2332 1081 2392; x_wconf 89' lang='lat' dir='ltr'>diebus</span> <span class='ocrx_word' id='word_1_173' title='bbox 1096 2338 1136 2390; x_wconf 90' lang='lat' dir='ltr'>to-</span> 
     </span>
    </p>

    <p class='ocr_par' dir='ltr' id='par_1_15' title="bbox 38 2426 1201 2791">
     <span class='ocr_line' id='line_1_22' title="bbox 38 2426 1137 2511; baseline -0.002 -26"><span class='ocrx_word' id='word_1_174' title='bbox 38 2428 123 2511; x_wconf 63' lang='lat'>178*</span> <span class='ocrx_word' id='word_1_175' title='bbox 122 2430 183 2486; x_wconf 90' lang='lat' dir='ltr'>tius</span> <span class='ocrx_word' id='word_1_176' title='bbox 198 2428 266 2486; x_wconf 90' lang='lat' dir='ltr'>anni</span> <span class='ocrx_word' id='word_1_177' title='bbox 280 2446 362 2504; x_wconf 87' lang='lat' dir='ltr'>pares</span> <span class='ocrx_word' id='word_1_178' title='bbox 375 2445 511 2501; x_wconf 88' lang='lat' dir='ltr'>numero;</span> <span class='ocrx_word' id='word_1_179' title='bbox 534 2426 640 2504; x_wconf 92' lang='lat' dir='ltr'>quippe</span> <span class='ocrx_word' id='word_1_180' title='bbox 655 2426 756 2485; x_wconf 87' lang='lat' dir='ltr'>Persis</span> <span class='ocrx_word' id='word_1_181' title='bbox 769 2446 884 2505; x_wconf 90' lang='lat' dir='ltr'>quoque</span> <span class='ocrx_word' id='word_1_182' title='bbox 895 2427 925 2485; x_wconf 92' lang='lat' dir='ltr'>in</span> <span class='ocrx_word' id='word_1_183' title='bbox 936 2428 1060 2485; x_wconf 89' lang='lat' dir='ltr'>totidem</span> <span class='ocrx_word' id='word_1_184' title='bbox 1074 2427 1137 2485; x_wconf 90' lang='lat' dir='ltr'>dies</span> 
     </span>
     <span class='ocr_line' id='line_1_23' title="bbox 123 2520 1137 2599; baseline -0.001 -18"><span class='ocrx_word' id='word_1_185' title='bbox 123 2524 288 2599; x_wconf 89' lang='lat' dir='ltr'>descriptus</span> <span class='ocrx_word' id='word_1_186' title='bbox 302 2529 347 2581; x_wconf 88' lang='lat' dir='ltr'>est</span> <span class='ocrx_word' id='word_1_187' title='bbox 360 2540 460 2581; x_wconf 90' lang='lat' dir='ltr'>annus.</span> <span class='ocrx_word' id='word_1_188' title='bbox 505 2520 629 2581; x_wconf 79' lang='lat' dir='ltr'>Currum</span> <span class='ocrx_word' id='word_1_189' title='bbox 644 2520 750 2579; x_wconf 88' lang='lat' dir='ltr'>deinde</span> <span class='ocrx_word' id='word_1_190' title='bbox 765 2521 788 2580; x_wconf 87' lang='lat' dir='ltr'><strong>J</strong></span> <span class='ocrx_word' id='word_1_191' title='bbox 789 2522 836 2579; x_wconf 88' lang='lat' dir='ltr'>ovi</span> <span class='ocrx_word' id='word_1_192' title='bbox 851 2529 994 2581; x_wconf 86' lang='lat' dir='ltr'>sacratum</span> <span class='ocrx_word' id='word_1_193' title='bbox 1007 2522 1137 2581; x_wconf 85' lang='lat' dir='ltr'>albentes</span> 
     </span>
     <span class='ocr_line' id='line_1_24' title="bbox 121 2615 1201 2695; baseline -0.005 -18"><span class='ocrx_word' id='word_1_194' title='bbox 121 2617 265 2677; x_wconf 90' lang='lat' dir='ltr'>vehebant</span> <span class='ocrx_word' id='word_1_195' title='bbox 286 2617 369 2695; x_wconf 76' lang='lat' dir='ltr'>equi3</span> <span class='ocrx_word' id='word_1_196' title='bbox 391 2617 443 2675; x_wconf 93' lang='lat' dir='ltr'>hos</span> <span class='ocrx_word' id='word_1_197' title='bbox 464 2615 579 2674; x_wconf 82' lang='lat' dir='ltr'>eximiae</span> <span class='ocrx_word' id='word_1_198' title='bbox 600 2616 809 2695; x_wconf 85' lang='lat' dir='ltr'>magnitudinis</span> <span class='ocrx_word' id='word_1_199' title='bbox 830 2636 930 2694; x_wconf 90' lang='lat' dir='ltr'>equus,</span> <span class='ocrx_word' id='word_1_200' title='bbox 951 2637 1037 2695; x_wconf 86' lang='lat' dir='ltr'>quern</span> <span class='ocrx_word' id='word_1_201' title='bbox 1058 2615 1136 2675; x_wconf 85' lang='lat' dir='ltr'>Solis</span> <span class='ocrx_word' id='word_1_202' title='bbox 1195 2677 1201 2687; x_wconf 48' lang='grc'><strong>,</strong></span> 
     </span>
     <span class='ocr_line' id='line_1_25' title="bbox 123 2696 1136 2791; baseline 0.002 -22"><span class='ocrx_word' id='word_1_203' title='bbox 123 2712 320 2790; x_wconf 83' lang='lat' dir='ltr'>appellabant,</span> <span class='ocrx_word' id='word_1_204' title='bbox 335 2696 518 2791; x_wconf 85' lang='lat' dir='ltr'>sequebatur.</span> <span class='ocrx_word' id='word_1_205' title='bbox 562 2713 672 2771; x_wconf 86' lang='lat' dir='ltr'>Aureae</span> <span class='ocrx_word' id='word_1_206' title='bbox 690 2714 781 2789; x_wconf 85' lang='lat' dir='ltr'>virgae</span> <span class='ocrx_word' id='word_1_207' title='bbox 802 2719 833 2771; x_wconf 91' lang='lat' dir='ltr'>et</span> <span class='ocrx_word' id='word_1_208' title='bbox 852 2712 926 2771; x_wconf 89' lang='lat' dir='ltr'>albae</span> <span class='ocrx_word' id='word_1_209' title='bbox 942 2720 1047 2785; x_wconf 88' lang='lat' dir='ltr'>vestes,</span> <span class='ocrx_word' id='word_1_210' title='bbox 1062 2712 1136 2771; x_wconf 79' lang='lat' dir='ltr'>¹⁴re·</span> 
     </span>
    </p>

    <p class='ocr_par' dir='ltr' id='par_1_16' title="bbox 70 2800 1203 2885">
     <span class='ocr_line' id='line_1_26' title="bbox 70 2800 1203 2885; baseline -0.004 -20"><span class='ocrx_word' id='word_1_211' title='bbox 70 2808 76 2813; x_wconf 82' lang='lat'>&#39;</span> <span class='ocrx_word' id='word_1_212' title='bbox 120 2815 223 2885; x_wconf 89' lang='lat' dir='ltr'>gentes</span> <span class='ocrx_word' id='word_1_213' title='bbox 238 2825 327 2885; x_wconf 90' lang='lat' dir='ltr'>equos</span> <span class='ocrx_word' id='word_1_214' title='bbox 342 2806 528 2865; x_wconf 89' lang='lat' dir='ltr'>adornabant.</span> <span class='ocrx_word' id='word_1_215' title='bbox 573 2806 663 2864; x_wconf 89' lang='lat' dir='ltr'>Haud</span> <span class='ocrx_word' id='word_1_216' title='bbox 676 2800 776 2883; x_wconf 81' lang='lat' dir='ltr'>prdcul</span> <span class='ocrx_word' id='word_1_217' title='bbox 790 2806 1015 2865; x_wconf 89' lang='lat' dir='ltr'>erantvehicula</span> <span class='ocrx_word' id='word_1_218' title='bbox 1028 2807 1136 2881; x_wconf 88' lang='lat' dir='ltr'>decern,</span> <span class='ocrx_word' id='word_1_219' title='bbox 1193 2818 1203 2860; x_wconf 69' lang='lat'>⁴.</span> 
     </span>
    </p>

    <p class='ocr_par' dir='ltr' id='par_1_17' title="bbox 6 2890 1138 3930">
     <span class='ocr_line' id='line_1_27' title="bbox 6 2890 1137 2979; baseline 0.004 -23"><span class='ocrx_word' id='word_1_220' title='bbox 6 2892 8 2895; x_wconf 65' lang='grc'><strong>’</strong></span> <span class='ocrx_word' id='word_1_221' title='bbox 52 2898 216 2969; x_wconf 47' lang='lat' dir='ltr'>‘aemula</span> <span class='ocrx_word' id='word_1_222' title='bbox 241 2922 311 2961; x_wconf 91' lang='lat' dir='ltr'>auro</span> <span class='ocrx_word' id='word_1_223' title='bbox 336 2890 517 2979; x_wconf 86' lang='lat' dir='ltr'>argentoque</span> <span class='ocrx_word' id='word_1_224' title='bbox 538 2901 647 2961; x_wconf 88' lang='lat' dir='ltr'>caelata.</span> <span class='ocrx_word' id='word_1_225' title='bbox 697 2900 878 2979; x_wconf 85' lang='lat' dir='ltr'>Sequebatur</span> <span class='ocrx_word' id='word_1_226' title='bbox 902 2902 964 2959; x_wconf 88' lang='lat' dir='ltr'>haec</span> <span class='ocrx_word' id='word_1_227' title='bbox 988 2901 1137 2978; x_wconf 87' lang='lat' dir='ltr'>equitatus</span> 
     </span>
     <span class='ocr_line' id='line_1_28' title="bbox 123 2994 1137 3075; baseline -0.003 -20"><span class='ocrx_word' id='word_1_228' title='bbox 123 2997 275 3055; x_wconf 88' lang='lat' dir='ltr'>duodecim</span> <span class='ocrx_word' id='word_1_229' title='bbox 295 2996 436 3075; x_wconf 89' lang='lat' dir='ltr'>gentium,</span> <span class='ocrx_word' id='word_1_230' title='bbox 450 2995 539 3056; x_wconf 85' lang='lat' dir='ltr'>variis</span> <span class='ocrx_word' id='word_1_231' title='bbox 561 2996 648 3053; x_wconf 90' lang='lat' dir='ltr'>armis</span> <span class='ocrx_word' id='word_1_232' title='bbox 663 3001 693 3053; x_wconf 90' lang='lat' dir='ltr'>et</span> <span class='ocrx_word' id='word_1_233' title='bbox 713 2994 849 3054; x_wconf 87' lang='lat' dir='ltr'>moribus.</span> <span class='ocrx_word' id='word_1_234' title='bbox 892 2994 1026 3053; x_wconf 89' lang='lat' dir='ltr'>Proximi</span> <span class='ocrx_word' id='word_1_235' title='bbox 1046 2994 1137 3073; x_wconf 88' lang='lat' dir='ltr'>ibant,</span> 
     </span>
     <span class='ocr_line' id='line_1_29' title="bbox 121 3089 1137 3171; baseline -0.002 -20"><span class='ocrx_word' id='word_1_236' title='bbox 121 3111 195 3171; x_wconf 88' lang='lat' dir='ltr'>quos</span> <span class='ocrx_word' id='word_1_237' title='bbox 219 3092 320 3151; x_wconf 87' lang='lat' dir='ltr'>Persea</span> <span class='ocrx_word' id='word_1_238' title='bbox 344 3091 364 3119; x_wconf 78' lang='lat'>¹⁶</span> <span class='ocrx_word' id='word_1_239' title='bbox 372 3089 558 3149; x_wconf 79' lang='lat' dir='ltr'>immortales</span> <span class='ocrx_word' id='word_1_240' title='bbox 581 3090 756 3163; x_wconf 64' lang='lat' dir='ltr'>vocant,tad</span> <span class='ocrx_word' id='word_1_241' title='bbox 781 3089 880 3148; x_wconf 91' lang='lat' dir='ltr'>decem</span> <span class='ocrx_word' id='word_1_242' title='bbox 903 3090 1011 3166; x_wconf 85' lang='lat' dir='ltr'>millia;</span> <span class='ocrx_word' id='word_1_243' title='bbox 1040 3091 1137 3149; x_wconf 88' lang='lat' dir='ltr'>cultus</span> 
     </span>
     <span class='ocr_line' id='line_1_30' title="bbox 122 3183 1136 3272; baseline 0 -27"><span class='ocrx_word' id='word_1_244' title='bbox 122 3187 282 3264; x_wconf 86' lang='lat' dir='ltr'>opulentias</span> <span class='ocrx_word' id='word_1_245' title='bbox 300 3186 432 3246; x_wconf 88' lang='lat' dir='ltr'>barbarae</span> <span class='ocrx_word' id='word_1_246' title='bbox 451 3205 510 3244; x_wconf 87' lang='lat' dir='ltr'>non</span> <span class='ocrx_word' id='word_1_247' title='bbox 530 3185 603 3245; x_wconf 91' lang='lat' dir='ltr'>alios</span> <span class='ocrx_word' id='word_1_248' title='bbox 627 3183 724 3272; x_wconf 82' lang='lat' dir='ltr'>magi&#39;s¹</span> <span class='ocrx_word' id='word_1_249' title='bbox 740 3185 918 3254; x_wconf 87' lang='lat' dir='ltr'>honestabat.</span> <span class='ocrx_word' id='word_1_250' title='bbox 961 3186 1013 3244; x_wconf 91' lang='lat' dir='ltr'>Illi</span> <span class='ocrx_word' id='word_1_251' title='bbox 1033 3206 1136 3245; x_wconf 89' lang='lat' dir='ltr'>aureos</span> 
     </span>
     <span class='ocr_line' id='line_1_31' title="bbox 123 3280 1136 3360; baseline 0 -21"><span class='ocrx_word' id='word_1_252' title='bbox 123 3290 253 3360; x_wconf 87' lang='lat' dir='ltr'>torques,</span> <span class='ocrx_word' id='word_1_253' title='bbox 267 3282 313 3341; x_wconf 93' lang='lat' dir='ltr'>illi</span> <span class='ocrx_word' id='word_1_254' title='bbox 327 3290 437 3341; x_wconf 83' lang='lat' dir='ltr'>vestem</span> <span class='ocrx_word' id='word_1_255' title='bbox 453 3300 522 3339; x_wconf 89' lang='lat' dir='ltr'>auro</span> <span class='ocrx_word' id='word_1_256' title='bbox 538 3280 705 3339; x_wconf 88' lang='lat' dir='ltr'>distinctam</span> <span class='ocrx_word' id='word_1_257' title='bbox 725 3280 878 3353; x_wconf 64' lang='lat' dir='ltr'>habebant,</span> <span class='ocrx_word' id='word_1_258' title='bbox 894 3281 1136 3360; x_wconf 69' lang='lat' dir='ltr'>“manicatasque</span> 
     </span>
     <span class='ocr_line' id='line_1_32' title="bbox 56 3374 1137 3453; baseline -0.004 -16"><span class='ocrx_word' id='word_1_259' title='bbox 56 3376 246 3449; x_wconf 69' lang='lat' dir='ltr'>senonicas,</span> <span class='ocrx_word' id='word_1_260' title='bbox 271 3376 392 3453; x_wconf 88' lang='lat' dir='ltr'>gemmis</span> <span class='ocrx_word' id='word_1_261' title='bbox 416 3376 503 3434; x_wconf 89' lang='lat' dir='ltr'>etiam</span> <span class='ocrx_word' id='word_1_262' title='bbox 527 3375 691 3434; x_wconf 88' lang='lat' dir='ltr'>adornatas.</span> <span class='ocrx_word' id='word_1_263' title='bbox 734 3374 852 3452; x_wconf 84' lang='lat' dir='ltr'>Exiguo</span> <span class='ocrx_word' id='word_1_264' title='bbox 877 3374 1040 3449; x_wconf 66' lang='lat' dir='ltr'>intervalla</span> <span class='ocrx_word' id='word_1_265' title='bbox 1064 3395 1137 3453; x_wconf 91' lang='lat' dir='ltr'>quos</span> 
     </span>
     <span class='ocr_line' id='line_1_33' title="bbox 125 3460 1136 3548; baseline -0.002 -20"><span class='ocrx_word' id='word_1_266' title='bbox 125 3477 263 3548; x_wconf 88' lang='lat' dir='ltr'>cognatos</span> <span class='ocrx_word' id='word_1_267' title='bbox 278 3460 371 3547; x_wconf 85' lang='lat' dir='ltr'>Regis</span> <span class='ocrx_word' id='word_1_268' title='bbox 392 3470 548 3546; x_wconf 90' lang='lat' dir='ltr'>appellant,</span> <span class='ocrx_word' id='word_1_269' title='bbox 563 3469 662 3527; x_wconf 87' lang='lat' dir='ltr'>decem</span> <span class='ocrx_word' id='word_1_270' title='bbox 676 3477 706 3527; x_wconf 89' lang='lat' dir='ltr'>et</span> <span class='ocrx_word' id='word_1_271' title='bbox 718 3468 846 3547; x_wconf 88' lang='lat' dir='ltr'>quinque</span> <span class='ocrx_word' id='word_1_272' title='bbox 866 3469 961 3527; x_wconf 90' lang='lat' dir='ltr'>millia</span> <span class='ocrx_word' id='word_1_273' title='bbox 980 3469 1136 3527; x_wconf 87' lang='lat' dir='ltr'>hominum.</span> 
     </span>
     <span class='ocr_line' id='line_1_34' title="bbox 125 3564 1137 3642; baseline -0.003 -18"><span class='ocrx_word' id='word_1_274' title='bbox 125 3566 200 3625; x_wconf 81' lang='lat' dir='ltr'>Haeo</span> <span class='ocrx_word' id='word_1_275' title='bbox 213 3566 282 3625; x_wconf 77' lang='lat' dir='ltr'>verb</span> <span class='ocrx_word' id='word_1_276' title='bbox 303 3565 389 3624; x_wconf 88' lang='lat' dir='ltr'>turha</span> <span class='ocrx_word' id='word_1_277' title='bbox 409 3565 590 3625; x_wconf 88' lang='lat' dir='ltr'>muliebriter</span> <span class='ocrx_word' id='word_1_278' title='bbox 610 3564 819 3642; x_wconf 89' lang='lat' dir='ltr'>propemodum</span> <span class='ocrx_word' id='word_1_279' title='bbox 839 3564 928 3637; x_wconf 88' lang='lat' dir='ltr'>culta,</span> <span class='ocrx_word' id='word_1_280' title='bbox 944 3564 1016 3628; x_wconf 84' lang='lat' dir='ltr'>luxu</span> <span class='ocrx_word' id='word_1_281' title='bbox 1036 3564 1137 3641; x_wconf 91' lang='lat' dir='ltr'>magis,</span> 
     </span>
     <span class='ocr_line' id='line_1_35' title="bbox 123 3658 1138 3739; baseline -0.004 -20"><span class='ocrx_word' id='word_1_282' title='bbox 123 3660 211 3739; x_wconf 73' lang='lat' dir='ltr'>quam</span> <span class='ocrx_word' id='word_1_283' title='bbox 226 3660 338 3720; x_wconf 88' lang='lat' dir='ltr'>decoris</span> <span class='ocrx_word' id='word_1_284' title='bbox 353 3661 442 3719; x_wconf 89' lang='lat' dir='ltr'>armis</span> <span class='ocrx_word' id='word_1_285' title='bbox 457 3660 614 3738; x_wconf 88' lang='lat' dir='ltr'>conspicua</span> <span class='ocrx_word' id='word_1_286' title='bbox 627 3668 698 3719; x_wconf 87' lang='lat' dir='ltr'>erat.</span> <span class='ocrx_word' id='word_1_287' title='bbox 744 3661 764 3688; x_wconf 73' lang='lat'>¹¹</span> <span class='ocrx_word' id='word_1_288' title='bbox 773 3659 948 3736; x_wconf 72' lang='lat' dir='ltr'>Doryphora&#39;</span> <span class='ocrx_word' id='word_1_289' title='bbox 961 3658 1138 3718; x_wconf 83' lang='lat' dir='ltr'>vocabantur</span> 
     </span>
     <span class='ocr_line' id='line_1_36' title="bbox 123 3754 1138 3834; baseline -0.005 -19"><span class='ocrx_word' id='word_1_290' title='bbox 123 3757 288 3834; x_wconf 85' lang='lat' dir='ltr'>proximum</span> <span class='ocrx_word' id='word_1_291' title='bbox 312 3756 359 3814; x_wconf 94' lang='lat' dir='ltr'>his</span> <span class='ocrx_word' id='word_1_292' title='bbox 384 3775 495 3833; x_wconf 89' lang='lat' dir='ltr'>agmen,</span> <span class='ocrx_word' id='word_1_293' title='bbox 522 3757 601 3815; x_wconf 89' lang='lat' dir='ltr'>soliti</span> <span class='ocrx_word' id='word_1_294' title='bbox 625 3764 737 3816; x_wconf 82' lang='lat' dir='ltr'>vestem</span> <span class='ocrx_word' id='word_1_295' title='bbox 761 3756 894 3832; x_wconf 91' lang='lat' dir='ltr'>excipere</span> <span class='ocrx_word' id='word_1_296' title='bbox 918 3754 1050 3831; x_wconf 88' lang='lat' dir='ltr'>regalem.</span> <span class='ocrx_word' id='word_1_297' title='bbox 1095 3754 1138 3811; x_wconf 92' lang='lat' dir='ltr'>Hi</span> 
     </span>
     <span class='ocr_line' id='line_1_37' title="bbox 46 3836 1138 3930; baseline 0 -25"><span class='ocrx_word' id='word_1_298' title='bbox 46 3836 240 3923; x_wconf 52' lang='lat' dir='ltr'>tffdcurrum</span> <span class='ocrx_word' id='word_1_299' title='bbox 254 3851 347 3930; x_wconf 89' lang='lat' dir='ltr'>Regis</span> <span class='ocrx_word' id='word_1_300' title='bbox 359 3851 518 3926; x_wconf 85' lang='lat' dir='ltr'>anteibant,</span> <span class='ocrx_word' id='word_1_301' title='bbox 531 3871 587 3929; x_wconf 88' lang='lat' dir='ltr'>quo</span> <span class='ocrx_word' id='word_1_302' title='bbox 599 3851 660 3929; x_wconf 92' lang='lat' dir='ltr'>ipse</span> <span class='ocrx_word' id='word_1_303' title='bbox 674 3851 801 3909; x_wconf 90' lang='lat' dir='ltr'>eminens</span> <span class='ocrx_word' id='word_1_304' title='bbox 812 3850 978 3911; x_wconf 83' lang='lat' dir='ltr'>vehebatur.</span> <span class='ocrx_word' id='word_1_305' title='bbox 1021 3848 1138 3908; x_wconf 89' lang='lat' dir='ltr'>Utrum·</span> 
     </span>
    </p>
   </div>
   <div class='ocr_carea' id='block_1_3' title="bbox 0 0 1300 4400">
    <p class='ocr_par' dir='ltr' id='par_1_18' title="bbox 0 0 1300 4400">
     <span class='ocr_line' id='line_1_38' title="bbox 0 0 1300 4400; baseline 0 0"><span class='ocrx_word' id='word_1_306' title='bbox 0 0 1300 4400; x_wconf 95' lang='lat' dir='ltr'> </span> 
     </span>
    </p>
   </div>
  </div>
 </body>
</html>
