2592 4400
426 398 549 441 urana
575 399 629 440 vr.
660 400 745 441 oar.
775 400 808 441 v.
1067 382 1118 441 121

100 538 211 599 dolore
225 538 405 613 stimulatus,
423 558 528 617 equum
542 536 679 616 vestigari
699 539 794 616 jubet,
808 545 839 598 et
861 558 913 617 per
933 538 1122 617 interpretem

99 633 300 712 pronunciari,
320 637 352 691 ni
373 632 578 708 reddidissent,
590 632 734 693 neminem
760 652 823 694 esse
844 634 995 694 victurum.
1057 633 1123 692 Heu
1185 654 1190 666 ·
1258 648 1259 655 ’

102 727 331 787 denunciatione
343 727 448 802 territi,
463 746 527 785 cum
540 729 653 787 caeteris
668 728 751 787 donis
765 748 869 807 equum
882 727 1037 789 adducunt
1066 726 1123 788 Sed

98 842 144 881 ne
158 822 200 880 sic
212 823 329 900 quidem
342 822 501 901 mitigatus,
516 822 588 880 caedi
602 822 699 899 sylvas
709 823 803 899 jubet,
818 820 994 902 aggestaque
1007 823 1094 882 humo
1108 841 1124 881 e
1146 818 1163 860 ¹'
1170 895 1175 911 Ι
1224 826 1245 856 a

98 917 262 992 montibus,
277 916 426 995 planitiem
437 916 525 975 ramis
535 915 706 993 impeditam
716 918 891 997 exaggerari.
921 917 991 977 Jam
999 917 1124 996 aliquan·

100 1012 204 1071 tulrlm
218 1011 381 1070 altitudinis
403 1030 474 1088 opus
495 1019 634 1087 creverat,
657 1013 725 1071 edm
748 1010 881 1087 Barbari,
895 1011 1064 1089 'desperato
1083 1030 1125 1071 re·

100 1108 223 1187 gionem
243 1126 330 1186 quam
351 1113 558 1184 occupaverant
577 1126 661 1183 posse
675 1106 801 1182 retineri,
814 1114 929 1188 gentem
950 1126 1032 1167 suem
1046 1105 1125 1165 dedi·

101 1203 187 1262 dere.
228 1201 302 1276 Rex,
315 1200 462 1261 obsidibus
488 1201 620 1278 acceptis,
643 1188 787 1261 Phradati
813 1201 927 1261 tradere
954 1219 1003 1261 eos
1027 1200 1124 1278 jussit
1149 1266 1154 1274 .

101 1295 183 1356 Inde
205 1297 307 1374 quinto
330 1294 379 1354 die
402 1295 434 1353 in
457 1294 567 1354 stativa
589 1296 752 1356 revertitur.
807 1296 983 1357 Artabazum
1009 1281 1195 1369 deludes-‘³

100 1391 253 1471 geminato
275 1390 391 1464 honore,
404 1409 490 1469 quem
510 1389 617 1449 Darius
638 1390 778 1450 habuerat
799 1391 834 1466 ei,
855 1391 981 1451 remittit
1000 1390 1123 1451 domum

102 1487 130 1545 J
130 1506 181 1544 am
193 1484 231 1543 ad
243 1485 344 1547 urbem
359 1484 527 1563 Hyrcaniae,
540 1485 571 1542 in
584 1489 643 1563 quat
656 1485 736 1564 regia
749 1486 834 1545 Darii
847 1486 914 1561 fuit,
926 1493 1042 1546 ventum
1052 1490 1124 1545 erat.

103 1580 158 1641 Ibi
182 1580 366 1639 Nabarzanes
387 1584 504 1656 accepte
526 1578 581 1637 fide
607 1580 742 1655 occurrit,
766 1580 841 1639 dona
867 1579 996 1660 ingentia
1020 1581 1124 1639 ferens

104 1677 193 1735 Inter
206 1696 271 1753 qnae
291 1674 405 1753 Bagoas
426 1680 490 1731 erat
512 1674 605 1751 specie
627 1674 767 1753 singulari
789 1675 888 1752 spado,
901 1682 989 1753 atque
1010 1674 1041 1733 in
1062 1674 1125 1751 ipso

103 1773 179 1831 flore
192 1769 344 1847 pueritiae:
365 1768 412 1827 cui
424 1774 454 1826 et
466 1768 573 1827 Darius
582 1768 678 1827 fuerat
691 1768 831 1843 assuetus,
843 1776 874 1828 et
883 1789 952 1828 mox
961 1768 1126 1827 Alexander
1197 1764 1201 1773 '
1233 1756 1237 1767 ’
1254 1769 1258 1779 ’

103 1866 254 1941 assuevit,
277 1866 393 1942 ejusque
406 1864 530 1921 maxime
543 1864 674 1940 precibus
687 1870 792 1938 motus,
807 1863 971 1923 Nabarzani
983 1862 1104 1942 ignovit.

173 1962 217 2019 13.
240 1958 322 2033 Rrat,
345 1965 378 2016 nt
401 1960 489 2036 snpra
513 1957 621 2016 dictum
653 1967 706 2033 est,
731 1959 887 2037 Hyrcaniae
912 1958 1033 2017 finitima
1055 1977 1125 2039 gens

105 2056 299 2128 Amazonum,
313 2053 390 2113 circa
404 2053 637 2111 Thermodoonta
655 2073 776 2129 amnem,
791 2054 985 2132 Themiscyrae
1004 2053 1125 2113 incolen-

105 2152 183 2210 tium
204 2168 325 2227 campos.
366 2148 511 2228 Reginam
531 2148 678 2210 habebant
700 2148 887 2225 Thalestrin,
902 2149 1034 2211 omnibus
1048 2149 1126 2208 inter

107 2247 271 2308 Caucasum
284 2251 411 2303 montem
425 2251 456 2301 et
469 2243 589 2303 Phasim
602 2265 714 2304 amnem
734 2245 952 2324 imperitantem
994 2245 1068 2306 Haeo
1080 2265 1126 2305 ou·

105 2341 208 2419 pidine
220 2339 332 2401 visendi
346 2339 438 2418 Regis
452 2358 577 2414 aceensa,
590 2339 695 2401 finibus
706 2341 786 2420 regni
801 2341 846 2400 sui
857 2341 998 2403 excessit:
1014 2349 1043 2401 ct
1057 2345 1126 2402 crim

106 2437 189 2496 haud
209 2435 310 2514 procul
331 2435 461 2514 abesset,
477 2435 619 2512 praemisit
646 2435 807 2494 indicantes
833 2437 945 2497 venisse
972 2437 1125 2516 Reginam,

106 2531 237 2591 adeundi
249 2533 312 2608 ejus
325 2529 570 2608 cognoscendique
583 2530 705 2589 avidam
740 2530 883 2590 Protinrls
893 2532 971 2590 facta
985 2540 1127 2610 potestate
1148 2535 1149 2538 ’

106 2626 253 2701 veniendi,
278 2625 391 2685 caeteris
410 2624 500 2702 jussis
522 2624 687 2700 subsistere,
711 2645 764 2684 eoo
786 2626 967 2684 foeminarum
990 2627 1127 2687 comitata

105 2721 259 2800 prooessit.
301 2721 399 2798 Atque
412 2726 446 2778 ut
458 2719 585 2796 primdm
599 2720 666 2779 Rex
679 2721 709 2777 in
723 2727 875 2797 conspectu
892 2720 956 2796 fuit,
971 2741 1043 2799 equo
1064 2722 1127 2799 ipsa

107 2817 231 2892 desiliit,
246 2817 318 2875 duas
332 2815 444 2874 lanceas
458 2815 561 2873 dextra
574 2816 737 2892 praeferens.
780 2814 881 2874 Vestis
894 2835 952 2874 uon
965 2823 1027 2874 toto
1038 2816 1126 2876 Arna-

107 2933 216 2974 nonum
228 2911 338 2988 corpori
351 2910 524 2970 obducitur:
546 2929 614 2970 nam
627 2910 702 2970 laeva
713 2929 780 2988 pars
794 2910 851 2969 ⁸ad
864 2918 963 2988 pectus
977 2917 1023 2970 est
1036 2912 1126 2988 nuda,

107 3015 219 3069 catera
231 3006 300 3065 inde
313 3006 463 3081 velantur,
485 3025 538 3064 nec
558 3012 655 3064 tamen
676 3005 757 3064 sinus
770 3006 869 3082 vestis,
883 3026 969 3084 quem
982 3007 1057 3068 nodo
1070 3009 1126 3068 ool·

107 3105 217 3184 ligunt,
232 3102 308 3160 infra
320 3120 413 3180 genua
426 3101 580 3161 deseendit.
622 3101 727 3160 Altera
740 3101 848 3179 papilla
863 3103 972 3160 intacta
987 3111 1139 3182 servatur,

108 3203 169 3277 qua
189 3196 339 3257 muliebris
360 3214 447 3256 sexus
468 3195 575 3255 liberos
588 3197 685 3257 alant:
707 3196 840 3256 aduritur
861 3198 973 3272 dextra,
988 3206 1023 3256 ut
1043 3218 1127 3260 arcus

109 3293 231 3353 facililis
254 3291 414 3366 intendant,
436 3299 467 3350 et
489 3291 548 3350 tela
571 3292 694 3354 vibrent
741 3291 883 3352 Interrito
906 3293 992 3352 vultu
1016 3294 1127 3374 Regem

110 3387 274 3448 Thalestris
297 3386 481 3446 intuebatur:
512 3386 663 3447 'habitum
689 3389 752 3464 ejus
785 3386 1004 3467 haudquaquam
1031 3387 1127 3447 rerum

109 3483 196 3543 famae
209 3503 308 3561 parem
322 3482 412 3540 oculis
424 3481 610 3559 perlustrans
673 3481 787 3560 Quippe
801 3483 931 3545 omnibus
944 3482 1076 3542 barbaris
1096 3483 1126 3541 in

111 3597 262 3656 corporum
273 3579 425 3654 majestate
438 3577 584 3636 veneratio
605 3584 668 3654 aar,
690 3596 912 3656 magnorumque
932 3596 1049 3653 operum
1069 3595 1126 3646 non

110 3674 182 3733 alios
205 3691 324 3751 capaces
340 3679 451 3750 putant,
464 3675 552 3750 quim
573 3691 647 3750 quos
671 3672 779 3730 eximit
793 3672 886 3748 specie
907 3672 1010 3742 donare
1023 3677 1127 3736 natura

111 3772 228 3853 dignata
240 3775 294 3828 est.
336 3766 483 3828 catarum
496 3767 682 3845 interrogata,
695 3787 764 3825 num
778 3766 886 3844 ahquid
905 3773 1000 3844 petere
1013 3765 1124 3842 uellet,

111 3867 186 3928 haud
194 3863 345 3928 dubitarit
352 3863 448 3939 fateri,
456 3861 494 3922 ad
503 3861 752 3932 communicandos
761 3881 827 3936 curn
836 3862 917 3940 Rege
924 3861 1032 3930 liberos
1040 3879 1072 3935 se
1081 3880 1127 3932 re·

283 3962 303 4018 6
