<?xml version="1.0" encoding="UTF-8"?>
<!DOCTYPE html PUBLIC "-//W3C//DTD XHTML 1.0 Transitional//EN"
    "http://www.w3.org/TR/xhtml1/DTD/xhtml1-transitional.dtd">
<html xmlns="http://www.w3.org/1999/xhtml" xml:lang="en" lang="en">
 <head>
  <title>
</title>
<meta http-equiv="Content-Type" content="text/html;charset=utf-8" />
  <meta name='ocr-system' content='tesseract 3.04.00' />
  <meta name='ocr-capabilities' content='ocr_page ocr_carea ocr_par ocr_line ocrx_word'/>
</head>
<body>
  <div class='ocr_page' id='page_1' title='image "./quintuscurtiusr00crosgoog_0191.png"; bbox 0 0 2592 4400; ppageno 0'>
   <div class='ocr_carea' id='block_1_1' title="bbox 191 400 843 463">
    <p class='ocr_par' dir='ltr' id='par_1_1' title="bbox 191 400 843 463">
     <span class='ocr_line' id='line_1_1' title="bbox 191 400 843 463; baseline -0.009 -4"><span class='ocrx_word' id='word_1_1' title='bbox 191 400 248 459; x_wconf 81' lang='grc'>178</span> <span class='ocrx_word' id='word_1_2' title='bbox 538 410 678 463; x_wconf 77' lang='lat' dir='ltr'>oorrrr</span> <span class='ocrx_word' id='word_1_3' title='bbox 704 412 843 453; x_wconf 84' lang='lat' dir='ltr'>ounrrr</span> 
     </span>
    </p>
   </div>
   <div class='ocr_carea' id='block_1_2' title="bbox 178 548 1204 3102">
    <p class='ocr_par' dir='ltr' id='par_1_2' title="bbox 185 548 1204 1089">
     <span class='ocr_line' id='line_1_2' title="bbox 186 548 1201 631; baseline -0.001 -16"><span class='ocrx_word' id='word_1_4' title='bbox 186 554 338 615; x_wconf 85' lang='lat' dir='ltr'>debentem</span> <span class='ocrx_word' id='word_1_5' title='bbox 358 550 482 612; x_wconf 76' lang='lat' dir='ltr'>salutem</span> <span class='ocrx_word' id='word_1_6' title='bbox 499 568 589 611; x_wconf 80' lang='lat' dir='ltr'>mam.</span> <span class='ocrx_word' id='word_1_7' title='bbox 629 552 650 581; x_wconf 86' lang='lat'>¹¹</span> <span class='ocrx_word' id='word_1_8' title='bbox 662 550 767 630; x_wconf 79' lang='lat' dir='ltr'>Itaque</span> <span class='ocrx_word' id='word_1_9' title='bbox 789 557 857 630; x_wconf 87' lang='lat' dir='ltr'>post</span> <span class='ocrx_word' id='word_1_10' title='bbox 878 548 1102 629; x_wconf 71' lang='lat' dir='ltr'>expeditionem,</span> <span class='ocrx_word' id='word_1_11' title='bbox 1114 570 1201 631; x_wconf 78' lang='lat' dir='ltr'>quom</span> 
     </span>
     <span class='ocr_line' id='line_1_3' title="bbox 185 645 1202 726; baseline -0.001 -18"><span class='ocrx_word' id='word_1_12' title='bbox 185 648 208 681; x_wconf 82' lang='lat'>⁸⁸</span> <span class='ocrx_word' id='word_1_13' title='bbox 217 650 280 708; x_wconf 84' lang='lat' dir='ltr'>sino</span> <span class='ocrx_word' id='word_1_14' title='bbox 293 666 327 707; x_wconf 92' lang='lat' dir='ltr'>eo</span> <span class='ocrx_word' id='word_1_15' title='bbox 340 647 458 706; x_wconf 82' lang='lat' dir='ltr'>fsoisset</span> <span class='ocrx_word' id='word_1_16' title='bbox 471 646 533 724; x_wconf 85' lang='lat' dir='ltr'>ipso</span> <span class='ocrx_word' id='word_1_17' title='bbox 546 646 577 705; x_wconf 90' lang='lat' dir='ltr'>in</span> <span class='ocrx_word' id='word_1_18' title='bbox 591 645 720 724; x_wconf 82' lang='lat' dir='ltr'>Illyrios,</span> <span class='ocrx_word' id='word_1_19' title='bbox 734 647 873 707; x_wconf 86' lang='lat' dir='ltr'>riotorem</span> <span class='ocrx_word' id='word_1_20' title='bbox 888 646 1037 725; x_wconf 84' lang='lat' dir='ltr'>soripsisso</span> <span class='ocrx_word' id='word_1_21' title='bbox 1060 666 1093 707; x_wconf 86' lang='lat' dir='ltr'>se</span> <span class='ocrx_word' id='word_1_22' title='bbox 1113 647 1202 726; x_wconf 77' lang='lat' dir='ltr'>patri,</span> 
     </span>
     <span class='ocr_line' id='line_1_4' title="bbox 185 741 1201 822; baseline 0.001 -19"><span class='ocrx_word' id='word_1_23' title='bbox 185 746 267 804; x_wconf 78' lang='lat' dir='ltr'>fusos</span> <span class='ocrx_word' id='word_1_24' title='bbox 292 744 465 822; x_wconf 76' lang='lat' dir='ltr'>fugatosque</span> <span class='ocrx_word' id='word_1_25' title='bbox 497 741 605 816; x_wconf 84' lang='lat' dir='ltr'>bootes,</span> <span class='ocrx_word' id='word_1_26' title='bbox 631 760 685 800; x_wconf 87' lang='lat' dir='ltr'>neo</span> <span class='ocrx_word' id='word_1_27' title='bbox 712 741 828 801; x_wconf 84' lang='lat' dir='ltr'>affuisse</span> <span class='ocrx_word' id='word_1_28' title='bbox 861 760 983 820; x_wconf 86' lang='lat' dir='ltr'>usquam</span> <span class='ocrx_word' id='word_1_29' title='bbox 1016 741 1201 820; x_wconf 80' lang='lat' dir='ltr'>Philippum.</span> 
     </span>
     <span class='ocr_line' id='line_1_5' title="bbox 187 835 1204 917; baseline -0.003 -19"><span class='ocrx_word' id='word_1_30' title='bbox 187 838 289 898; x_wconf 86' lang='lat' dir='ltr'>Laude</span> <span class='ocrx_word' id='word_1_31' title='bbox 312 837 416 916; x_wconf 73' lang='lat' dir='ltr'>dignos</span> <span class='ocrx_word' id='word_1_32' title='bbox 438 854 511 911; x_wconf 85' lang='lat' dir='ltr'>esse,</span> <span class='ocrx_word' id='word_1_33' title='bbox 533 854 592 895; x_wconf 90' lang='lat' dir='ltr'>non</span> <span class='ocrx_word' id='word_1_34' title='bbox 615 835 698 917; x_wconf 79' lang='lat' dir='ltr'>“qui</span> <span class='ocrx_word' id='word_1_35' title='bbox 721 836 941 897; x_wconf 84' lang='lat' dir='ltr'>Samothraoum</span> <span class='ocrx_word' id='word_1_36' title='bbox 965 836 1050 896; x_wconf 86' lang='lat' dir='ltr'>initia</span> <span class='ocrx_word' id='word_1_37' title='bbox 1062 838 1204 912; x_wconf 82' lang='lat' dir='ltr'>viserent,</span> 
     </span>
     <span class='ocr_line' id='line_1_6' title="bbox 185 930 1203 1012; baseline 0 -17"><span class='ocrx_word' id='word_1_38' title='bbox 185 936 253 995; x_wconf 81' lang='lat' dir='ltr'>edm</span> <span class='ocrx_word' id='word_1_39' title='bbox 268 934 371 993; x_wconf 85' lang='lat' dir='ltr'>Asiam</span> <span class='ocrx_word' id='word_1_40' title='bbox 384 932 431 991; x_wconf 86' lang='lat' dir='ltr'>uri</span> <span class='ocrx_word' id='word_1_41' title='bbox 452 930 619 1011; x_wconf 70' lang='lat' dir='ltr'>tutarique</span> <span class='ocrx_word' id='word_1_42' title='bbox 631 938 766 1010; x_wconf 87' lang='lat' dir='ltr'>oportet;</span> <span class='ocrx_word' id='word_1_43' title='bbox 788 931 840 992; x_wconf 87' lang='lat' dir='ltr'>sod</span> <span class='ocrx_word' id='word_1_44' title='bbox 854 950 912 1006; x_wconf 84' lang='lat' dir='ltr'>eos,</span> <span class='ocrx_word' id='word_1_45' title='bbox 926 930 978 1011; x_wconf 91' lang='lat' dir='ltr'>qui</span> <span class='ocrx_word' id='word_1_46' title='bbox 1000 932 1203 1012; x_wconf 75' lang='lat' dir='ltr'>msgmmdine</span> 
     </span>
     <span class='ocr_line' id='line_1_7' title="bbox 185 1026 625 1089; baseline -0.011 0"><span class='ocrx_word' id='word_1_47' title='bbox 185 1048 282 1089; x_wconf 88' lang='lat' dir='ltr'>rerum</span> <span class='ocrx_word' id='word_1_48' title='bbox 295 1029 381 1087; x_wconf 84' lang='lat' dir='ltr'>tidem</span> <span class='ocrx_word' id='word_1_49' title='bbox 393 1026 625 1087; x_wconf 79' lang='lat' dir='ltr'>anteoessissent.</span> 
     </span>
    </p>

    <p class='ocr_par' dir='ltr' id='par_1_3' title="bbox 178 1119 1203 3102">
     <span class='ocr_line' id='line_1_8' title="bbox 245 1119 1203 1198; baseline -0.002 -15"><span class='ocrx_word' id='word_1_50' title='bbox 245 1126 273 1183; x_wconf 80' lang='lat'>4.</span> <span class='ocrx_word' id='word_1_51' title='bbox 295 1123 370 1183; x_wconf 70' lang='lat' dir='ltr'>Haeo</span> <span class='ocrx_word' id='word_1_52' title='bbox 396 1128 428 1180; x_wconf 92' lang='lat' dir='ltr'>et</span> <span class='ocrx_word' id='word_1_53' title='bbox 452 1121 499 1181; x_wconf 84' lang='lat' dir='ltr'>bis</span> <span class='ocrx_word' id='word_1_54' title='bbox 532 1120 639 1180; x_wconf 82' lang='lat' dir='ltr'>similia</span> <span class='ocrx_word' id='word_1_55' title='bbox 671 1120 733 1181; x_wconf 73' lang='lat' dir='ltr'>lasti</span> <span class='ocrx_word' id='word_1_56' title='bbox 761 1119 880 1180; x_wconf 64' lang='lat' dir='ltr'>audere</span> <span class='ocrx_word' id='word_1_57' title='bbox 910 1122 1051 1198; x_wconf 76' lang='lat' dir='ltr'>juvenes:</span> <span class='ocrx_word' id='word_1_58' title='bbox 1086 1121 1203 1198; x_wconf 80' lang='lat' dir='ltr'>ingrata</span> 
     </span>
     <span class='ocr_line' id='line_1_9' title="bbox 185 1215 1202 1296; baseline -0.003 -18"><span class='ocrx_word' id='word_1_59' title='bbox 185 1218 347 1278; x_wconf 83' lang='lat' dir='ltr'>senioribus</span> <span class='ocrx_word' id='word_1_60' title='bbox 370 1224 462 1291; x_wconf 75' lang='lat' dir='ltr'>amnt,</span> <span class='ocrx_word' id='word_1_61' title='bbox 483 1215 608 1274; x_wconf 67' lang='lat' dir='ltr'>maximi</span> <span class='ocrx_word' id='word_1_62' title='bbox 629 1222 749 1294; x_wconf 88' lang='lat' dir='ltr'>proptor</span> <span class='ocrx_word' id='word_1_63' title='bbox 773 1216 952 1293; x_wconf 85' lang='lat' dir='ltr'>Philippum,</span> <span class='ocrx_word' id='word_1_64' title='bbox 978 1216 1033 1276; x_wconf 90' lang='lat' dir='ltr'>sub</span> <span class='ocrx_word' id='word_1_65' title='bbox 1056 1236 1115 1296; x_wconf 90' lang='lat' dir='ltr'>quo</span> <span class='ocrx_word' id='word_1_66' title='bbox 1139 1217 1202 1277; x_wconf 91' lang='lat' dir='ltr'>diu-</span> 
     </span>
     <span class='ocr_line' id='line_1_10' title="bbox 185 1310 1202 1390; baseline 0 -19"><span class='ocrx_word' id='word_1_67' title='bbox 185 1315 247 1372; x_wconf 86' lang='lat' dir='ltr'>tids</span> <span class='ocrx_word' id='word_1_68' title='bbox 261 1314 403 1372; x_wconf 81' lang='lat' dir='ltr'>vixerant.</span> <span class='ocrx_word' id='word_1_69' title='bbox 446 1310 522 1370; x_wconf 75' lang='lat' dir='ltr'>uum</span> <span class='ocrx_word' id='word_1_70' title='bbox 542 1310 649 1387; x_wconf 84' lang='lat' dir='ltr'>Oiitus,</span> <span class='ocrx_word' id='word_1_71' title='bbox 666 1330 702 1371; x_wconf 92' lang='lat' dir='ltr'>ne</span> <span class='ocrx_word' id='word_1_72' title='bbox 716 1312 779 1389; x_wconf 87' lang='lat' dir='ltr'>ipss</span> <span class='ocrx_word' id='word_1_73' title='bbox 792 1310 911 1390; x_wconf 86' lang='lat' dir='ltr'>quidem</span> <span class='ocrx_word' id='word_1_74' title='bbox 925 1311 996 1371; x_wconf 85' lang='lat' dir='ltr'>satis</span> <span class='ocrx_word' id='word_1_75' title='bbox 1016 1312 1141 1385; x_wconf 86' lang='lat' dir='ltr'>sobrius,</span> <span class='ocrx_word' id='word_1_76' title='bbox 1163 1312 1202 1371; x_wconf 78' lang='lat' dir='ltr'>sd</span> 
     </span>
     <span class='ocr_line' id='line_1_11' title="bbox 184 1406 1203 1486; baseline -0.002 -19"><span class='ocrx_word' id='word_1_77' title='bbox 184 1428 242 1481; x_wconf 86' lang='lat' dir='ltr'>eos,</span> <span class='ocrx_word' id='word_1_78' title='bbox 253 1408 305 1486; x_wconf 89' lang='lat' dir='ltr'>qui</span> <span class='ocrx_word' id='word_1_79' title='bbox 318 1406 394 1465; x_wconf 78' lang='lat' dir='ltr'>infra</span> <span class='ocrx_word' id='word_1_80' title='bbox 406 1406 504 1483; x_wconf 87' lang='lat' dir='ltr'>ipsum</span> <span class='ocrx_word' id='word_1_81' title='bbox 516 1407 539 1435; x_wconf 77' lang='lat'>⁸⁶</span> <span class='ocrx_word' id='word_1_82' title='bbox 549 1406 709 1481; x_wconf 78' lang='lat' dir='ltr'>oubabant,</span> <span class='ocrx_word' id='word_1_83' title='bbox 718 1426 882 1481; x_wconf 86' lang='lat' dir='ltr'>eonversus,</span> <span class='ocrx_word' id='word_1_84' title='bbox 898 1406 918 1436; x_wconf 72' lang='lat'>⁸⁶</span> <span class='ocrx_word' id='word_1_85' title='bbox 928 1406 1082 1484; x_wconf 73' lang='lat' dir='ltr'><strong>Euripidis</strong></span> <span class='ocrx_word' id='word_1_86' title='bbox 1095 1408 1203 1470; x_wconf 77' lang='lat' dir='ltr'>retulit</span> 
     </span>
     <span class='ocr_line' id='line_1_12' title="bbox 184 1501 1202 1581; baseline -0.002 -18"><span class='ocrx_word' id='word_1_87' title='bbox 184 1522 308 1577; x_wconf 89' lang='lat' dir='ltr'>oarmen,</span> <span class='ocrx_word' id='word_1_88' title='bbox 332 1501 404 1559; x_wconf 80' lang='lat' dir='ltr'>”ita</span> <span class='ocrx_word' id='word_1_89' title='bbox 427 1507 563 1559; x_wconf 82' lang='lat' dir='ltr'>utsonus</span> <span class='ocrx_word' id='word_1_90' title='bbox 583 1501 678 1581; x_wconf 79' lang='lat' dir='ltr'>magis</span> <span class='ocrx_word' id='word_1_91' title='bbox 701 1503 789 1581; x_wconf 82' lang='lat' dir='ltr'>qudm</span> <span class='ocrx_word' id='word_1_92' title='bbox 817 1520 911 1561; x_wconf 83' lang='lat' dir='ltr'>sermo</span> <span class='ocrx_word' id='word_1_93' title='bbox 939 1502 1073 1561; x_wconf 81' lang='lat' dir='ltr'>exaudiri</span> <span class='ocrx_word' id='word_1_94' title='bbox 1099 1510 1202 1580; x_wconf 85' lang='lat' dir='ltr'>posset</span> 
     </span>
     <span class='ocr_line' id='line_1_13' title="bbox 184 1594 1201 1675; baseline 0.001 -19"><span class='ocrx_word' id='word_1_95' title='bbox 184 1618 202 1656; x_wconf 92' lang='lat' dir='ltr'>a</span> <span class='ocrx_word' id='word_1_96' title='bbox 229 1596 321 1675; x_wconf 83' lang='lat' dir='ltr'>Rege.</span> <span class='ocrx_word' id='word_1_97' title='bbox 375 1594 441 1666; x_wconf 79' lang='lat' dir='ltr'>Quo</span> <span class='ocrx_word' id='word_1_98' title='bbox 469 1596 693 1674; x_wconf 75' lang='lat' dir='ltr'>significabatur,</span> <span class='ocrx_word' id='word_1_99' title='bbox 722 1597 856 1655; x_wconf 65' lang='grc' dir='ltr'>ΜιιιιΙῖι</span> <span class='ocrx_word' id='word_1_100' title='bbox 888 1597 1051 1657; x_wconf 69' lang='lat' dir='ltr'>instituisse</span> <span class='ocrx_word' id='word_1_101' title='bbox 1079 1597 1201 1659; x_wconf 71' lang='lat' dir='ltr'>uranos</span> 
     </span>
     <span class='ocr_line' id='line_1_14' title="bbox 183 1690 1200 1770; baseline 0.003 -21"><span class='ocrx_word' id='word_1_102' title='bbox 183 1690 262 1770; x_wconf 88' lang='lat' dir='ltr'>qubd</span> <span class='ocrx_word' id='word_1_103' title='bbox 275 1690 391 1768; x_wconf 69' lang='lat' dir='ltr'>tropaeis</span> <span class='ocrx_word' id='word_1_104' title='bbox 400 1690 516 1769; x_wconf 80' lang='lat' dir='ltr'><strong>Regum</strong></span> <span class='ocrx_word' id='word_1_105' title='bbox 524 1690 670 1748; x_wconf 66' lang='lat' dir='ltr'>duntaxat</span> <span class='ocrx_word' id='word_1_106' title='bbox 682 1691 798 1749; x_wconf 85' lang='lat' dir='ltr'>nomina</span> <span class='ocrx_word' id='word_1_107' title='bbox 808 1690 1041 1752; x_wconf 67' lang='lat' dir='ltr'>inscriberentur.</span> <span class='ocrx_word' id='word_1_108' title='bbox 1064 1691 1200 1752; x_wconf 76' lang='lat' dir='ltr'>”Alieno</span> 
     </span>
     <span class='ocr_line' id='line_1_15' title="bbox 185 1785 1200 1865; baseline 0.002 -20"><span class='ocrx_word' id='word_1_109' title='bbox 185 1786 262 1845; x_wconf 87' lang='lat' dir='ltr'>enim</span> <span class='ocrx_word' id='word_1_110' title='bbox 276 1786 414 1864; x_wconf 78' lang='lat' dir='ltr'>sanguine</span> <span class='ocrx_word' id='word_1_111' title='bbox 434 1793 549 1863; x_wconf 82' lang='lat' dir='ltr'>partam</span> <span class='ocrx_word' id='word_1_112' title='bbox 569 1786 692 1863; x_wconf 79' lang='lat' dir='ltr'>gloriam</span> <span class='ocrx_word' id='word_1_113' title='bbox 713 1785 875 1864; x_wconf 85' lang='lat' dir='ltr'>interaipi.”</span> <span class='ocrx_word' id='word_1_114' title='bbox 917 1786 1024 1865; x_wconf 72' lang='lat' dir='ltr'>Itaque</span> <span class='ocrx_word' id='word_1_115' title='bbox 1041 1786 1112 1847; x_wconf 85' lang='lat' dir='ltr'>Rex</span> <span class='ocrx_word' id='word_1_116' title='bbox 1131 1808 1200 1847; x_wconf 87' lang='lat' dir='ltr'>oum</span> 
     </span>
     <span class='ocr_line' id='line_1_16' title="bbox 184 1882 1200 1961; baseline 0.003 -21"><span class='ocrx_word' id='word_1_117' title='bbox 184 1883 383 1960; x_wconf 88' lang='lat' dir='ltr'>suspioaretur</span> <span class='ocrx_word' id='word_1_118' title='bbox 398 1882 586 1961; x_wconf 76' lang='lat' dir='ltr'>”malignius</span> <span class='ocrx_word' id='word_1_119' title='bbox 609 1882 741 1941; x_wconf 87' lang='lat' dir='ltr'>habitum</span> <span class='ocrx_word' id='word_1_120' title='bbox 766 1900 828 1941; x_wconf 86' lang='lat' dir='ltr'>esse</span> <span class='ocrx_word' id='word_1_121' title='bbox 850 1900 1018 1957; x_wconf 85' lang='lat' dir='ltr'>sermonem,</span> <span class='ocrx_word' id='word_1_122' title='bbox 1033 1886 1200 1961; x_wconf 84' lang='lat' dir='ltr'>peroonteri</span> 
     </span>
     <span class='ocr_line' id='line_1_17' title="bbox 183 1976 1199 2056; baseline 0.002 -19"><span class='ocrx_word' id='word_1_123' title='bbox 183 1979 331 2056; x_wconf 84' lang='lat' dir='ltr'>proximos</span> <span class='ocrx_word' id='word_1_124' title='bbox 355 1979 450 2055; x_wconf 78' lang='lat' dir='ltr'>erepit,</span> <span class='ocrx_word' id='word_1_125' title='bbox 465 1977 536 2056; x_wconf 84' lang='lat' dir='ltr'>qnid</span> <span class='ocrx_word' id='word_1_126' title='bbox 559 1996 597 2036; x_wconf 85' lang='lat' dir='ltr'>ex</span> <span class='ocrx_word' id='word_1_127' title='bbox 620 1976 699 2037; x_wconf 79' lang='lat' dir='ltr'>utito</span> <span class='ocrx_word' id='word_1_128' title='bbox 720 1976 880 2037; x_wconf 77' lang='lat' dir='ltr'>audissent.</span> <span class='ocrx_word' id='word_1_129' title='bbox 924 1978 966 2037; x_wconf 79' lang='lat' dir='ltr'>Et</span> <span class='ocrx_word' id='word_1_130' title='bbox 980 1977 1040 2037; x_wconf 84' lang='lat' dir='ltr'>illis</span> <span class='ocrx_word' id='word_1_131' title='bbox 1055 1979 1093 2038; x_wconf 83' lang='lat' dir='ltr'>ad</span> <span class='ocrx_word' id='word_1_132' title='bbox 1112 1980 1199 2039; x_wconf 85' lang='lat' dir='ltr'>silen-</span> 
     </span>
     <span class='ocr_line' id='line_1_18' title="bbox 184 2072 1200 2153; baseline 0.004 -21"><span class='ocrx_word' id='word_1_133' title='bbox 184 2076 257 2132; x_wconf 89' lang='lat' dir='ltr'>tium</span> <span class='ocrx_word' id='word_1_134' title='bbox 281 2074 444 2148; x_wconf 81' lang='lat' dir='ltr'>obstinatis,</span> <span class='ocrx_word' id='word_1_135' title='bbox 460 2072 558 2133; x_wconf 77' lang='lat' dir='ltr'>Clitus</span> <span class='ocrx_word' id='word_1_136' title='bbox 584 2074 727 2151; x_wconf 85' lang='lat' dir='ltr'>paulatim</span> <span class='ocrx_word' id='word_1_137' title='bbox 754 2075 863 2150; x_wconf 87' lang='lat' dir='ltr'>majore</span> <span class='ocrx_word' id='word_1_138' title='bbox 884 2092 953 2133; x_wconf 84' lang='lat' dir='ltr'>vooe</span> <span class='ocrx_word' id='word_1_139' title='bbox 973 2073 1106 2153; x_wconf 87' lang='lat' dir='ltr'>Philippi</span> <span class='ocrx_word' id='word_1_140' title='bbox 1132 2084 1200 2136; x_wconf 81' lang='lat' dir='ltr'>aota</span> 
     </span>
     <span class='ocr_line' id='line_1_19' title="bbox 183 2166 1200 2249; baseline 0.002 -19"><span class='ocrx_word' id='word_1_141' title='bbox 183 2170 318 2249; x_wconf 89' lang='lat' dir='ltr'>bellaque</span> <span class='ocrx_word' id='word_1_142' title='bbox 340 2169 372 2227; x_wconf 92' lang='lat' dir='ltr'>in</span> <span class='ocrx_word' id='word_1_143' title='bbox 396 2166 512 2230; x_wconf 76' lang='lat' dir='ltr'>Graeoit</span> <span class='ocrx_word' id='word_1_144' title='bbox 535 2175 619 2248; x_wconf 79' lang='lat' dir='ltr'>gesta</span> <span class='ocrx_word' id='word_1_145' title='bbox 642 2176 857 2244; x_wconf 77' lang='lat' dir='ltr'>commemorat,</span> <span class='ocrx_word' id='word_1_146' title='bbox 882 2168 978 2228; x_wconf 90' lang='lat' dir='ltr'>omnia</span> <span class='ocrx_word' id='word_1_147' title='bbox 1003 2172 1200 2247; x_wconf 85' lang='lat' dir='ltr'>praesentibus</span> 
     </span>
     <span class='ocr_line' id='line_1_20' title="bbox 184 2261 1199 2353; baseline 0.005 -30"><span class='ocrx_word' id='word_1_148' title='bbox 184 2261 354 2342; x_wconf 80' lang='lat' dir='ltr'>praeterens.&#39;</span> <span class='ocrx_word' id='word_1_149' title='bbox 393 2264 472 2322; x_wconf 86' lang='lat' dir='ltr'>tho</span> <span class='ocrx_word' id='word_1_150' title='bbox 495 2265 572 2353; x_wconf 77' lang='lat' dir='ltr'>inter</span> <span class='ocrx_word' id='word_1_151' title='bbox 593 2264 726 2342; x_wconf 82' lang='lat' dir='ltr'>juniores</span> <span class='ocrx_word' id='word_1_152' title='bbox 740 2283 880 2343; x_wconf 88' lang='lat' dir='ltr'>senesque</span> <span class='ocrx_word' id='word_1_153' title='bbox 894 2272 958 2324; x_wconf 86' lang='lat' dir='ltr'>orta</span> <span class='ocrx_word' id='word_1_154' title='bbox 974 2267 1122 2325; x_wconf 87' lang='lat' dir='ltr'>eontentio</span> <span class='ocrx_word' id='word_1_155' title='bbox 1143 2276 1199 2328; x_wconf 87' lang='lat' dir='ltr'>est.</span> 
     </span>
     <span class='ocr_line' id='line_1_21' title="bbox 183 2357 1203 2438; baseline 0.009 -23"><span class='ocrx_word' id='word_1_156' title='bbox 183 2359 257 2416; x_wconf 79' lang='lat' dir='ltr'>”Et</span> <span class='ocrx_word' id='word_1_157' title='bbox 284 2358 360 2433; x_wconf 83' lang='lat' dir='ltr'>Rex,</span> <span class='ocrx_word' id='word_1_158' title='bbox 387 2357 469 2417; x_wconf 87' lang='lat' dir='ltr'>velut</span> <span class='ocrx_word' id='word_1_159' title='bbox 495 2359 640 2436; x_wconf 76' lang='lat' dir='ltr'>patienter</span> <span class='ocrx_word' id='word_1_160' title='bbox 667 2359 790 2434; x_wconf 85' lang='lat' dir='ltr'>audiret,</span> <span class='ocrx_word' id='word_1_161' title='bbox 815 2361 898 2438; x_wconf 85' lang='lat' dir='ltr'>queis</span> <span class='ocrx_word' id='word_1_162' title='bbox 926 2359 1023 2421; x_wconf 81' lang='lat' dir='ltr'>Olitus</span> <span class='ocrx_word' id='word_1_163' title='bbox 1045 2361 1203 2424; x_wconf 76' lang='lat' dir='ltr'>obterebat</span> 
     </span>
     <span class='ocr_line' id='line_1_22' title="bbox 183 2452 1200 2532; baseline 0.009 -22"><span class='ocrx_word' id='word_1_164' title='bbox 183 2452 286 2511; x_wconf 82' lang='lat' dir='ltr'>laudes</span> <span class='ocrx_word' id='word_1_165' title='bbox 318 2455 391 2530; x_wconf 88' lang='lat' dir='ltr'>ejus,</span> <span class='ocrx_word' id='word_1_166' title='bbox 424 2453 572 2532; x_wconf 81' lang='lat' dir='ltr'>ingentem</span> <span class='ocrx_word' id='word_1_167' title='bbox 605 2454 679 2512; x_wconf 91' lang='lat' dir='ltr'>iram</span> <span class='ocrx_word' id='word_1_168' title='bbox 713 2463 890 2532; x_wconf 86' lang='lat' dir='ltr'>eonosperat.</span> <span class='ocrx_word' id='word_1_169' title='bbox 948 2455 1096 2518; x_wconf 75' lang='lat' dir='ltr'>catorum</span> <span class='ocrx_word' id='word_1_170' title='bbox 1127 2461 1200 2520; x_wconf 85' lang='lat' dir='ltr'>adm</span> 
     </span>
     <span class='ocr_line' id='line_1_23' title="bbox 182 2548 1200 2629; baseline 0.009 -23"><span class='ocrx_word' id='word_1_171' title='bbox 182 2548 307 2606; x_wconf 74' lang='lat' dir='ltr'>”animo</span> <span class='ocrx_word' id='word_1_172' title='bbox 328 2548 477 2608; x_wconf 83' lang='lat' dir='ltr'>rideretur</span> <span class='ocrx_word' id='word_1_173' title='bbox 498 2548 703 2627; x_wconf 76' lang='lat' dir='ltr'>imperaturus,</span> <span class='ocrx_word' id='word_1_174' title='bbox 726 2551 751 2608; x_wconf 91' lang='lat' dir='ltr'>si</span> <span class='ocrx_word' id='word_1_175' title='bbox 771 2551 857 2608; x_wconf 83' lang='lat' dir='ltr'>finem</span> <span class='ocrx_word' id='word_1_176' title='bbox 879 2551 1039 2629; x_wconf 86' lang='lat' dir='ltr'>prooaoiter</span> <span class='ocrx_word' id='word_1_177' title='bbox 1052 2560 1118 2612; x_wconf 91' lang='lat' dir='ltr'>orto</span> <span class='ocrx_word' id='word_1_178' title='bbox 1140 2575 1200 2616; x_wconf 82' lang='lat' dir='ltr'>ser·</span> 
     </span>
     <span class='ocr_line' id='line_1_24' title="bbox 178 2639 1199 2728; baseline 0.008 -26"><span class='ocrx_word' id='word_1_179' title='bbox 178 2639 260 2702; x_wconf 52' lang='lat' dir='ltr'>&#39;moni</span> <span class='ocrx_word' id='word_1_180' title='bbox 275 2642 372 2703; x_wconf 83' lang='lat' dir='ltr'>Olitus</span> <span class='ocrx_word' id='word_1_181' title='bbox 396 2644 575 2722; x_wconf 67' lang='lat' dir='ltr'>imponeret,</span> <span class='ocrx_word' id='word_1_182' title='bbox 595 2645 671 2704; x_wconf 91' lang='lat' dir='ltr'>nihil</span> <span class='ocrx_word' id='word_1_183' title='bbox 691 2665 725 2704; x_wconf 90' lang='lat' dir='ltr'>eo</span> <span class='ocrx_word' id='word_1_184' title='bbox 739 2645 914 2720; x_wconf 83' lang='lat' dir='ltr'>remittente,</span> <span class='ocrx_word' id='word_1_185' title='bbox 929 2648 1024 2726; x_wconf 78' lang='lat' dir='ltr'>magis</span> <span class='ocrx_word' id='word_1_186' title='bbox 1048 2668 1199 2728; x_wconf 82' lang='lat' dir='ltr'>exaspera·</span> 
     </span>
     <span class='ocr_line' id='line_1_25' title="bbox 182 2737 1199 2818; baseline 0.006 -18"><span class='ocrx_word' id='word_1_187' title='bbox 182 2739 275 2800; x_wconf 85' lang='lat' dir='ltr'>batur.</span> <span class='ocrx_word' id='word_1_188' title='bbox 319 2738 445 2818; x_wconf 77' lang='lat' dir='ltr'>Jamque</span> <span class='ocrx_word' id='word_1_189' title='bbox 460 2737 557 2800; x_wconf 79' lang='lat' dir='ltr'>Clitus</span> <span class='ocrx_word' id='word_1_190' title='bbox 580 2741 666 2799; x_wconf 87' lang='lat' dir='ltr'>etiam</span> <span class='ocrx_word' id='word_1_191' title='bbox 691 2741 913 2802; x_wconf 85' lang='lat' dir='ltr'>Parmenionem</span> <span class='ocrx_word' id='word_1_192' title='bbox 937 2742 1091 2802; x_wconf 83' lang='lat' dir='ltr'>defendero</span> <span class='ocrx_word' id='word_1_193' title='bbox 1113 2747 1199 2806; x_wconf 86' lang='lat' dir='ltr'>aude·</span> 
     </span>
     <span class='ocr_line' id='line_1_26' title="bbox 182 2821 1198 2912; baseline 0.005 -17"><span class='ocrx_word' id='word_1_194' title='bbox 182 2835 256 2895; x_wconf 66' lang='lat' dir='ltr'>ote:</span> <span class='ocrx_word' id='word_1_195' title='bbox 291 2828 324 2894; x_wconf 73' lang='lat' dir='ltr'>et</span> <span class='ocrx_word' id='word_1_196' title='bbox 350 2834 485 2912; x_wconf 81' lang='lat' dir='ltr'>Philippi</span> <span class='ocrx_word' id='word_1_197' title='bbox 518 2834 555 2893; x_wconf 72' lang='lat' dir='ltr'>re</span> <span class='ocrx_word' id='word_1_198' title='bbox 582 2833 815 2894; x_wconf 75' lang='lat' dir='ltr'>Atheniensibus</span> <span class='ocrx_word' id='word_1_199' title='bbox 842 2836 993 2895; x_wconf 62' lang='lat' dir='ltr'>moenam</span> <span class='ocrx_word' id='word_1_200' title='bbox 1029 2821 1198 2900; x_wconf 64' lang='lat' dir='ltr'>rustam</span> 
     </span>
     <span class='ocr_line' id='line_1_27' title="bbox 182 2930 1199 3018; baseline 0.008 -30"><span class='ocrx_word' id='word_1_201' title='bbox 182 2931 356 3007; x_wconf 83' lang='lat' dir='ltr'>prmt&#39;orebat</span> <span class='ocrx_word' id='word_1_202' title='bbox 377 2930 511 3007; x_wconf 78' lang='lat' dir='ltr'>exoidi03</span> <span class='ocrx_word' id='word_1_203' title='bbox 532 2949 591 2990; x_wconf 91' lang='lat' dir='ltr'>uon</span> <span class='ocrx_word' id='word_1_204' title='bbox 604 2931 672 2989; x_wconf 84' lang='lat' dir='ltr'>vino</span> <span class='ocrx_word' id='word_1_205' title='bbox 692 2931 788 3005; x_wconf 85' lang='lat' dir='ltr'>modb,</span> <span class='ocrx_word' id='word_1_206' title='bbox 812 2931 864 2990; x_wconf 81' lang='lat' dir='ltr'>sed</span> <span class='ocrx_word' id='word_1_207' title='bbox 885 2932 973 3018; x_wconf 79' lang='lat' dir='ltr'>otiam</span> <span class='ocrx_word' id='word_1_208' title='bbox 994 2933 1083 2992; x_wconf 82' lang='lat' dir='ltr'>animi</span> <span class='ocrx_word' id='word_1_209' title='bbox 1106 2941 1199 3014; x_wconf 70' lang='lat' dir='ltr'>pravi</span> 
     </span>
     <span class='ocr_line' id='line_1_28' title="bbox 181 3025 537 3102; baseline 0 -20"><span class='ocrx_word' id='word_1_210' title='bbox 181 3025 365 3083; x_wconf 82' lang='lat' dir='ltr'>eontentione</span> <span class='ocrx_word' id='word_1_211' title='bbox 377 3032 537 3102; x_wconf 75' lang='lat' dir='ltr'>proventus.</span> 
     </span>
    </p>
   </div>
   <div class='ocr_carea' id='block_1_3' title="bbox 241 3107 1282 3203">
    <p class='ocr_par' dir='ltr' id='par_1_4' title="bbox 241 3107 1282 3203">
     <span class='ocr_line' id='line_1_29' title="bbox 241 3107 1282 3203; baseline -0.001 -25.95"><span class='ocrx_word' id='word_1_212' title='bbox 241 3119 342 3177; x_wconf 80' lang='grc' dir='ltr'>5.Αά</span> <span class='ocrx_word' id='word_1_213' title='bbox 362 3119 545 3195; x_wconf 73' lang='grc' dir='ltr'>ιιΙιίιιιιιιιι,ι</span> <span class='ocrx_word' id='word_1_214' title='bbox 547 3119 599 3180; x_wconf 83' lang='lat' dir='ltr'>‘Si</span> <span class='ocrx_word' id='word_1_215' title='bbox 620 3119 831 3195; x_wconf 58' lang='lat' dir='ltr'>moriendumss&#39;</span> <span class='ocrx_word' id='word_1_216' title='bbox 861 3121 966 3200; x_wconf 89' lang='lat' dir='ltr'>inquit,</span> <span class='ocrx_word' id='word_1_217' title='bbox 989 3123 1063 3182; x_wconf 85' lang='lat' dir='ltr'>“est</span> <span class='ocrx_word' id='word_1_218' title='bbox 1090 3145 1146 3203; x_wconf 84' lang='lat' dir='ltr'>pro</span> <span class='ocrx_word' id='word_1_219' title='bbox 1160 3133 1198 3202; x_wconf 84' lang='lat' dir='ltr'>te,</span> <span class='ocrx_word' id='word_1_220' title='bbox 1281 3107 1282 3176; x_wconf 76' lang='lat' dir='ltr'>i</span> 
     </span>
    </p>
   </div>
   <div class='ocr_carea' id='block_1_4' title="bbox 177 3211 1198 3962">
    <p class='ocr_par' dir='ltr' id='par_1_5' title="bbox 177 3211 1198 3962">
     <span class='ocr_line' id='line_1_30' title="bbox 182 3211 1194 3300; baseline 0.01 -28"><span class='ocrx_word' id='word_1_221' title='bbox 182 3211 279 3272; x_wconf 79' lang='lat' dir='ltr'>Clitus</span> <span class='ocrx_word' id='word_1_222' title='bbox 305 3220 352 3271; x_wconf 86' lang='lat' dir='ltr'>est</span> <span class='ocrx_word' id='word_1_223' title='bbox 374 3214 491 3290; x_wconf 86' lang='lat' dir='ltr'>primus.</span> <span class='ocrx_word' id='word_1_224' title='bbox 534 3215 580 3274; x_wconf 86' lang='lat' dir='ltr'>At</span> <span class='ocrx_word' id='word_1_225' title='bbox 600 3217 668 3273; x_wconf 86' lang='lat' dir='ltr'>odm</span> <span class='ocrx_word' id='word_1_226' title='bbox 691 3215 823 3275; x_wconf 75' lang='lat' dir='ltr'>victoriae</span> <span class='ocrx_word' id='word_1_227' title='bbox 847 3217 1000 3278; x_wconf 84' lang='lat' dir='ltr'>arbitrium</span> <span class='ocrx_word' id='word_1_228' title='bbox 1023 3219 1095 3298; x_wconf 84' lang='lat' dir='ltr'>agia,</span> <span class='ocrx_word' id='word_1_229' title='bbox 1123 3241 1194 3300; x_wconf 61' lang='lat' dir='ltr'>prm</span> 
     </span>
     <span class='ocr_line' id='line_1_31' title="bbox 182 3307 1198 3390; baseline 0.01 -24"><span class='ocrx_word' id='word_1_230' title='bbox 182 3309 299 3386; x_wconf 90' lang='lat' dir='ltr'>eipuum</span> <span class='ocrx_word' id='word_1_231' title='bbox 312 3307 411 3366; x_wconf 80' lang='lat' dir='ltr'>forant</span> <span class='ocrx_word' id='word_1_232' title='bbox 424 3310 586 3385; x_wconf 61' lang='lat' dir='ltr'>praemium,</span> <span class='ocrx_word' id='word_1_233' title='bbox 600 3330 651 3389; x_wconf 87' lang='lat' dir='ltr'>qm</span> <span class='ocrx_word' id='word_1_234' title='bbox 642 3311 870 3388; x_wconf 81' lang='lat' dir='ltr'>proeaeissimb</span> <span class='ocrx_word' id='word_1_235' title='bbox 883 3314 976 3390; x_wconf 85' lang='lat' dir='ltr'>patris</span> <span class='ocrx_word' id='word_1_236' title='bbox 991 3315 1035 3372; x_wconf 90' lang='lat' dir='ltr'>tui</span> <span class='ocrx_word' id='word_1_237' title='bbox 1049 3318 1198 3376; x_wconf 83' lang='lat' dir='ltr'>memoriae</span> 
     </span>
     <span class='ocr_line' id='line_1_32' title="bbox 180 3403 1197 3487; baseline 0.009 -26"><span class='ocrx_word' id='word_1_238' title='bbox 180 3404 318 3462; x_wconf 81' lang='lat' dir='ltr'>illudunt</span> <span class='ocrx_word' id='word_1_239' title='bbox 361 3403 535 3483; x_wconf 82' lang='lat' dir='ltr'>Sogdianam</span> <span class='ocrx_word' id='word_1_240' title='bbox 548 3407 695 3485; x_wconf 84' lang='lat' dir='ltr'>regionem</span> <span class='ocrx_word' id='word_1_241' title='bbox 705 3407 776 3464; x_wconf 90' lang='lat' dir='ltr'>mihi</span> <span class='ocrx_word' id='word_1_242' title='bbox 790 3406 934 3485; x_wconf 85' lang='lat' dir='ltr'>attribuis,</span> <span class='ocrx_word' id='word_1_243' title='bbox 948 3410 1197 3490; x_wconf 83' lang='lat' dir='ltr'>totiesrsbellem,</span> 
     </span>
     <span class='ocr_line' id='line_1_33' title="bbox 180 3500 1194 3585; baseline 0.007 -26"><span class='ocrx_word' id='word_1_244' title='bbox 180 3508 211 3560; x_wconf 92' lang='lat' dir='ltr'>et</span> <span class='ocrx_word' id='word_1_245' title='bbox 224 3519 282 3559; x_wconf 91' lang='lat' dir='ltr'>non</span> <span class='ocrx_word' id='word_1_246' title='bbox 303 3500 389 3559; x_wconf 86' lang='lat' dir='ltr'>modd</span> <span class='ocrx_word' id='word_1_247' title='bbox 413 3501 593 3578; x_wconf 81' lang='lat' dir='ltr'>indomitam,</span> <span class='ocrx_word' id='word_1_248' title='bbox 614 3503 665 3562; x_wconf 88' lang='lat' dir='ltr'>sed</span> <span class='ocrx_word' id='word_1_249' title='bbox 688 3522 754 3580; x_wconf 85' lang='lat' dir='ltr'>quae</span> <span class='ocrx_word' id='word_1_250' title='bbox 777 3522 813 3562; x_wconf 88' lang='lat' dir='ltr'>ne</span> <span class='ocrx_word' id='word_1_251' title='bbox 833 3503 929 3583; x_wconf 84' lang='lat' dir='ltr'>subigi</span> <span class='ocrx_word' id='word_1_252' title='bbox 951 3505 1069 3584; x_wconf 88' lang='lat' dir='ltr'>quidem</span> <span class='ocrx_word' id='word_1_253' title='bbox 1091 3510 1194 3585; x_wconf 81' lang='lat' dir='ltr'>possit.</span> 
     </span>
     <span class='ocr_line' id='line_1_34' title="bbox 181 3586 1195 3684; baseline 0.01 -29"><span class='ocrx_word' id='word_1_254' title='bbox 181 3597 287 3655; x_wconf 84' lang='lat' dir='ltr'>Mittor</span> <span class='ocrx_word' id='word_1_255' title='bbox 301 3597 338 3654; x_wconf 84' lang='lat' dir='ltr'>ud</span> <span class='ocrx_word' id='word_1_256' title='bbox 351 3586 429 3656; x_wconf 77' lang='lat' dir='ltr'>ieras</span> <span class='ocrx_word' id='word_1_257' title='bbox 442 3597 552 3657; x_wconf 82' lang='lat' dir='ltr'>bestias</span> <span class='ocrx_word' id='word_1_258' title='bbox 554 3598 758 3676; x_wconf 80' lang='lat' dir='ltr'>,praeoipitia&#39;</span> <span class='ocrx_word' id='word_1_259' title='bbox 750 3600 865 3678; x_wconf 80' lang='lat' dir='ltr'>ingenia</span> <span class='ocrx_word' id='word_1_260' title='bbox 885 3600 1012 3660; x_wconf 80' lang='lat' dir='ltr'>sortitas.</span> <span class='ocrx_word' id='word_1_261' title='bbox 1055 3601 1116 3662; x_wconf 82' lang='lat' dir='ltr'>Sed</span> <span class='ocrx_word' id='word_1_262' title='bbox 1131 3624 1195 3684; x_wconf 74' lang='lat' dir='ltr'>qua</span> 
     </span>
     <span class='ocr_line' id='line_1_35' title="bbox 179 3691 1194 3774; baseline 0.009 -25"><span class='ocrx_word' id='word_1_263' title='bbox 179 3693 216 3749; x_wconf 88' lang='lat' dir='ltr'>ad</span> <span class='ocrx_word' id='word_1_264' title='bbox 239 3711 285 3751; x_wconf 90' lang='lat' dir='ltr'>me</span> <span class='ocrx_word' id='word_1_265' title='bbox 307 3693 461 3770; x_wconf 83' lang='lat' dir='ltr'>pertinent,</span> <span class='ocrx_word' id='word_1_266' title='bbox 476 3700 600 3752; x_wconf 85' lang='lat' dir='ltr'>transeo.</span> <span class='ocrx_word' id='word_1_267' title='bbox 643 3693 776 3772; x_wconf 82' lang='lat' dir='ltr'>Pbitippi</span> <span class='ocrx_word' id='word_1_268' title='bbox 799 3691 1052 3773; x_wconf 78' lang='lat' dir='ltr'>militosopornis,</span> <span class='ocrx_word' id='word_1_269' title='bbox 1073 3697 1194 3774; x_wconf 84' lang='lat' dir='ltr'>oblitus,</span> 
     </span>
     <span class='ocr_line' id='line_1_36' title="bbox 178 3787 1193 3868; baseline 0.011 -26"><span class='ocrx_word' id='word_1_270' title='bbox 178 3787 236 3844; x_wconf 88' lang='lat' dir='ltr'>nisi</span> <span class='ocrx_word' id='word_1_271' title='bbox 259 3788 307 3844; x_wconf 89' lang='lat' dir='ltr'>hio</span> <span class='ocrx_word' id='word_1_272' title='bbox 322 3787 463 3844; x_wconf 84' lang='lat' dir='ltr'>Atbarias</span> <span class='ocrx_word' id='word_1_273' title='bbox 487 3806 575 3846; x_wconf 88' lang='lat' dir='ltr'>senex</span> <span class='ocrx_word' id='word_1_274' title='bbox 597 3789 728 3865; x_wconf 86' lang='lat' dir='ltr'>juniores</span> <span class='ocrx_word' id='word_1_275' title='bbox 747 3809 873 3868; x_wconf 85' lang='lat' dir='ltr'>pugnam</span> <span class='ocrx_word' id='word_1_276' title='bbox 895 3791 1091 3853; x_wconf 80' lang='lat' dir='ltr'>detrettantes</span> <span class='ocrx_word' id='word_1_277' title='bbox 1114 3791 1193 3855; x_wconf 78' lang='lat' dir='ltr'>reso·</span> 
     </span>
     <span class='ocr_line' id='line_1_37' title="bbox 177 3881 1184 3962; baseline 0.014 -24"><span class='ocrx_word' id='word_1_278' title='bbox 177 3881 390 3955; x_wconf 67' lang='lat' dir='ltr'>essaeuadhuo</span> <span class='ocrx_word' id='word_1_279' title='bbox 410 3899 464 3940; x_wconf 86' lang='lat' dir='ltr'>nos</span> <span class='ocrx_word' id='word_1_280' title='bbox 484 3883 560 3941; x_wconf 83' lang='lat' dir='ltr'>oiroa</span> <span class='ocrx_word' id='word_1_281' title='bbox 575 3883 812 3944; x_wconf 86' lang='lat' dir='ltr'>Halioarnassum</span> <span class='ocrx_word' id='word_1_282' title='bbox 826 3886 955 3947; x_wconf 82' lang='lat' dir='ltr'>baeouros</span> <span class='ocrx_word' id='word_1_283' title='bbox 974 3887 1073 3952; x_wconf 72' lang='lat' dir='ltr'>fuisso</span> <span class='ocrx_word' id='word_1_284' title='bbox 1118 3889 1184 3962; x_wconf 81' lang='lat' dir='ltr'>Quo</span> 
     </span>
    </p>
   </div>
   <div class='ocr_carea' id='block_1_5' title="bbox 0 0 1300 4400">
    <p class='ocr_par' dir='ltr' id='par_1_6' title="bbox 0 0 1300 4400">
     <span class='ocr_line' id='line_1_38' title="bbox 0 0 1300 4400; baseline 0 2"><span class='ocrx_word' id='word_1_285' title='bbox 0 0 1300 4400; x_wconf 95' lang='lat' dir='ltr'> </span> 
     </span>
    </p>
   </div>
  </div>
 </body>
</html>
