2592 4400
193 376 250 437 162
539 395 678 447 enrrrr
706 396 847 439 onnrrr

247 536 295 593 27.
318 532 398 593 Hine
432 532 636 595 Menedemum
670 556 736 595 oum
768 536 864 597 tribus
897 536 1027 599 millibus
1061 536 1205 619 peditum,
1283 472 1285 501 ¹

187 634 218 687 et
231 628 407 708 octingentis
421 630 569 708 equitibus
592 630 630 689 ad
654 630 755 690 urbem
779 632 955 691 Maracanda
975 632 1065 691 misit
1109 632 1206 710 Spita·

186 742 284 782 menes
306 724 465 803 mesoaga,
488 724 624 803 praesidio
648 724 840 785 Macedonum
863 726 931 786 inde
959 726 1083 803 dejecto,
1111 728 1205 787 muris

184 818 267 877 urbis
293 822 358 897 ejus
384 820 543 879 incluserat
565 840 607 895 se,
640 821 719 883 haud
747 822 899 899 oppidanis
927 822 1080 882 consilinm
1107 822 1204 882 deiec-

185 914 275 973 tionis
301 915 537 993 approbantibus
592 915 682 995 Sequi
706 922 804 975 tanam
829 916 1013 991 videbantur,
1040 916 1112 996 qnia
1140 936 1205 995 pro·

183 1008 284 1070 hibere
297 1029 354 1069 non
374 1018 518 1089 poterant
560 1010 685 1070 Interim
700 1010 870 1073 Alexander
883 1012 921 1071 ad
943 1010 1067 1070 Tanaim
1087 1024 1207 1070 amnem

125 1119 131 1136 ¹
184 1106 270 1181 redit,
284 1113 316 1165 et
339 1114 480 1185 quantum
501 1104 556 1166 soli
577 1114 788 1184 occupaverant
807 1106 919 1181 castris,
935 1125 1018 1165 muro
1041 1105 1203 1165 circumde-

183 1200 235 1261 dit
289 1202 447 1281 Sexaginta
470 1201 633 1261 stadiorum
655 1178 737 1263 urbis
763 1221 865 1261 murus
888 1202 962 1279 init3
992 1202 1206 1281 huncquoque

183 1298 287 1358 urbem
308 1297 521 1357 Alexandriam
542 1296 683 1376 appellari
700 1298 798 1374 jussit.
843 1296 927 1375 Opus
948 1301 1031 1357 tanta
1051 1297 1206 1357 celeritate

183 1392 345 1469 perlectum
359 1399 413 1464 est,
428 1398 463 1450 nt
483 1391 596 1451 decimo
616 1393 740 1470 septimo
756 1392 811 1467 dic,
823 1394 912 1471 quam
932 1393 1111 1453 munimenta
1124 1394 1206 1452 exci-

184 1494 247 1545 tata
260 1494 352 1560 erant,
368 1494 446 1545 tecta
466 1506 581 1567 quoque
594 1488 677 1548 urbis
699 1488 717 1517 ¹⁸
725 1488 953 1549 absolverentur.
996 1487 1104 1567 Ingens
1127 1490 1205 1547 mili·

183 1588 245 1640 tnm
273 1588 419 1641 certamen
442 1582 518 1641 iuter
542 1584 622 1661 ipsos
650 1584 755 1661 fuerat,
781 1592 815 1643 ut
844 1583 1070 1663 unumquisque
1094 1604 1207 1643 munus

183 1676 292 1755 ¹⁸(nam
316 1676 442 1736 divisum
465 1680 541 1757 erat)
562 1678 674 1756 primus
695 1677 870 1737 ostenderet.
912 1678 1023 1739 Incolae
1036 1698 1119 1738 novae
1131 1679 1206 1740 urbi
1281 1705 1282 1719 ι

183 1774 204 1803 ¹²
213 1773 277 1833 dati
290 1773 406 1851 eaptivi,
420 1793 502 1852 qnos,
518 1772 634 1834 reddito
644 1775 739 1853 pretio
754 1774 887 1849 dominis,
901 1773 1057 1844 liberavit;
1075 1794 1206 1853 quorum

181 1869 292 1947 posteri
314 1889 390 1928 nunc
412 1888 526 1948 quoque
549 1889 607 1929 non
620 1870 698 1948 apud
721 1890 769 1929 eos
790 1877 851 1929 tam
871 1869 957 1948 longa
970 1876 1066 1945 aetate,
1081 1876 1206 1949 propter
1274 1921 1278 1949 ,

182 1964 350 2024 memoriam
364 1963 537 2039 Alexandri,
551 1965 751 2025 exoleverunt.

244 2059 319 2119 VII.
341 2063 388 2118 28.
412 2060 457 2120 At
479 2060 547 2119 Rex
572 2059 756 2139 Scytharum,
778 2062 862 2138 cujus
887 2068 950 2119 tum
973 2058 1051 2119 ultra
1074 2059 1204 2121 Tanaim

181 2155 335 2233 hperium
357 2162 522 2231 erat,ratns
546 2174 609 2215 eam
621 2156 734 2231 urbem,
755 2175 840 2236 quam
862 2154 892 2214 in
912 2154 978 2233 ript
992 2155 1086 2214 amnis
1102 2155 1203 2216 Mace·

182 2252 273 2312 dones
290 2251 488 2326 condiderant,
510 2252 572 2311 suis
595 2251 761 2328 impositam
785 2269 848 2310 esse
872 2250 1042 2325 cervicibus,
1066 2251 1202 2328 fratrem,

183 2345 330 2406 Cartasim
342 2346 466 2419 nomine,
480 2365 547 2404 curn
560 2350 667 2424 magna
688 2347 817 2425 equitum
837 2364 925 2404 manu
939 2345 1018 2404 misit
1032 2345 1071 2404 ad
1084 2346 1201 2406 diruen-

183 2440 250 2499 dam
264 2459 336 2514 earn,
350 2439 509 2520 proculque
532 2461 616 2500 amne
641 2441 855 2502 submovendas
877 2440 1068 2500 Macedonum
1089 2443 1198 2520 copias

183 2535 357 2596 Bactrianos
372 2535 504 2596 ¹Tana'1‘e
525 2537 563 2598 ab
585 2537 714 2615 Scythis,
729 2557 801 2616 quos
825 2536 985 2614 Europaeos
997 2545 1113 2612 vocant,
1128 2537 1201 2598 divi-

1278 1720 1282 1782 l

1276 1787 1283 1906 l

183 2633 236 2692 dit.
289 2632 374 2693 Idem
400 2632 503 2692 Asiam
525 2639 557 2692 et
581 2622 730 2711 Europam
754 2633 819 2692 finis
846 2632 994 2692 interfluit
1048 2631 1198 2694 Oaeterrlm
1280 2651 1283 2666 ¹

184 2729 357 2808 Scytharum
384 2748 456 2809 gens
482 2729 560 2788 haud
586 2730 689 2807 procul
718 2728 843 2788 Thracii
871 2728 935 2803 sita,
957 2728 994 2789 ab
1016 2727 1139 2790 Oriente
1161 2729 1198 2790 ad

184 2827 417 2905 Septentrionem
432 2845 463 2886 se
476 2826 577 2900 vertit,
589 2825 852 2904 Sarmatarumque,
866 2833 900 2884 ut
912 2824 1029 2903 quidam
1038 2825 1198 2904 credidere,

183 2941 241 2981 non
254 2923 386 2997 finitima,
401 2921 452 2981 sed
467 2940 534 2999 pars
547 2928 600 2979 est
655 2921 751 2980 Recta
765 2919 870 2980 deinde
884 2919 1029 2998 regionem
1043 2920 1197 2980 Alaunrim

184 3017 265 3074 ultra
279 3016 390 3075 Istrum
410 3018 555 3093 jacentem
575 3015 642 3088 coit,
659 3023 689 3074 et
701 3015 805 3074 ultima
818 3016 908 3091 Asiae,
924 3015 983 3093 qnia
997 3013 1106 3074 Bactra
1120 3025 1196 3092 sunt,

183 3110 310 3189 stringit
362 3111 543 3170 Habitantur
563 3131 629 3189 quae
652 3110 851 3188 Septentrioni
870 3111 1004 3188 propiora
1024 3118 1113 3170 runt:
1135 3132 1198 3190 pro

182 3206 283 3266 fundae
304 3205 372 3264 inde
395 3205 494 3283 sylvae,
508 3220 657 3285 vastasque
680 3205 854 3265 solitudines
868 3205 1024 3283 excipiunt.
1068 3205 1196 3282 Rursris,

183 3319 250 3382 qum
261 3306 293 3358 et
307 3298 428 3358 Tanaim
442 3307 473 3357 et
494 3299 602 3359 Bactra
624 3306 766 3378 spectant,
779 3300 924 3358 'humano
938 3299 1021 3359 cultu
1041 3301 1121 3360 haud
1142 3301 1198 3362 dis·

183 3396 265 3477 paria
288 3401 364 3455 sunt.
420 3393 538 3453 Primus
561 3413 626 3453 cnm
650 3395 705 3454 heo
728 3402 815 3474 gente
839 3413 896 3453 non
919 3395 1066 3473 provisum
1087 3396 1199 3456 belluna

185 3492 356 3552 Alexander
368 3497 514 3569 gesturus,
529 3491 598 3548 oiim
621 3490 653 3549 in
677 3497 832 3567 conspectu
853 3492 916 3567 eJus
932 3491 1115 3569 obequitaret
1136 3493 1198 3552 hos·

185 3588 234 3663 tis,
249 3587 344 3647 adhuc
358 3605 438 3665 aeger
450 3604 488 3644 ex
501 3585 630 3660 vnlnere,
645 3585 791 3662 precipue
814 3603 883 3644 voce
908 3585 1052 3660 deficiens,
1066 3605 1154 3665 quam
1170 3597 1200 3648 et

185 3683 338 3743 'modicus
365 3682 458 3755 oibus,
486 3687 516 3738 et
550 3680 670 3739 cervicis
704 3680 882 3740 extenuabat
915 3681 1006 3754 dolor,
1034 3682 1141 3740 amicos
1169 3684 1200 3742 in

187 3777 342 3837 consilium
366 3775 501 3836 advocari
520 3774 612 3852 jubet.
670 3773 813 3835 Terrebat
839 3794 906 3834 eum
932 3794 989 3833 non
1016 3775 1119 3852 hostis,
1148 3778 1201 3838 sed

187 3873 329 3952 iniquitas
349 3871 496 3950 temporis.
547 3869 717 3930 ⁴Baotriani
739 3869 911 3930 defecerant
968 3869 1085 3949 Scythae
1112 3873 1201 3934 etiarn

1279 2899 1282 3024 l
