2592 4400
377 411 502 455 111111
521 412 615 456 1111.
644 414 730 457 oar.
758 414 844 457 xrv.
1057 399 1115 459 213

94 550 242 629 petebant
254 550 419 613 belluarum
432 572 544 613 manus.
587 552 651 613 Neo
670 554 830 635 quidquam
849 554 1043 634 inexpertum,
1057 578 1114 617 non

91 646 111 675 ¹⁶
122 647 233 706 mortis
246 648 343 722 modd,
358 648 511 707 sedetiam
535 648 566 707 in
590 649 655 727 ipah
669 656 772 726 morte,
786 651 855 711 nori
878 652 1013 729 supplicii
1028 654 1115 715 timor

90 743 259 801 omittebat.
303 738 383 821 Ergd
407 743 554 821 elephanti
575 744 745 803 vulneribus
768 746 885 805 taudem
909 747 1025 825 fatigati
1047 768 1114 807 suos

90 840 211 915 impetu
226 844 368 912 sternunt,
383 846 414 897 et
427 839 479 917 qui
499 847 636 897 rexerant
650 858 708 913 eos,
723 840 899 917 praecipitati
913 842 942 899 in
956 849 1062 901 terram
1077 844 1113 904 ab

90 935 165 1011 ipsis
194 932 412 993 obterebantur
458 933 576 1012 ‚Itaque
602 954 738 1011 pecorum
766 936 860 1009 modo,
889 936 980 1013 magis
1015 940 1113 1015 pavidi

89 1030 183 1108 quam
197 1028 308 1102 infesti,
323 1028 403 1086 ultra
418 1028 507 1086 aciem
529 1028 729 1107 exigebantur,
746 1030 813 1087 edm
834 1029 939 1105 Porus,
955 1032 1113 1093 destitutus

90 1144 107 1183 o
121 1124 269 1201 pluribus,
284 1124 344 1182 tela
357 1123 449 1183 multd
471 1123 538 1181 ante
559 1131 728 1201 praeparata,
742 1125 771 1183 in
793 1124 991 1201 circumfusos,
1007 1148 1043 1186 ex
1059 1130 1111 1187 ele-

89 1220 202 1296 phanto
213 1238 267 1277 suo
280 1220 367 1295 coepit
380 1219 520 1296 ingerere,
533 1218 693 1298 multisque
707 1220 818 1279 eminus
832 1221 1005 1297 vulneratis,
1027 1242 1110 1301 expo·

90 1315 168 1372 situs
194 1314 259 1390 ipse
279 1314 316 1371 ad
340 1315 416 1372 ictus
430 1314 558 1393 undique
580 1314 742 1392 petebatur.
787 1316 899 1375 Novem
917 1320 979 1395 jam
992 1319 1112 1379 vulnera

89 1410 160 1467 hinc
175 1417 269 1487 tergo,
285 1410 366 1467 illinc
391 1419 508 1486 pectore
530 1418 702 1487 exceperat:
724 1412 874 1491 multoque
895 1414 1035 1493 sanguine
1049 1436 1112 1493 pro·

89 1506 167 1581 fuso,
192 1503 339 1582 languidis
361 1506 493 1564 manibus
517 1506 535 1534 ¹⁷
545 1506 637 1583 magis
660 1506 765 1583 elapsa,
790 1510 877 1586 quam
905 1528 1026 1569 excussa
1053 1512 1112 1571 tela

89 1600 241 1658 mittebat.
286 1600 350 1658 Nec
363 1600 483 1679 segnius
497 1600 596 1659 bellua
606 1600 744 1659 instincta
757 1603 847 1678 rabie,
863 1605 989 1663 nondum
1004 1608 1111 1683 saucia,

89 1695 288 1754 invehebatur
321 1695 480 1771 ordinibus,
509 1696 599 1754 donec
632 1702 729 1755 rector
762 1697 868 1757 belluae
901 1700 1016 1779 Regem'
1046 1722 1111 1760 cou-

90 1791 190 1869 spexit
205 1789 393 1850 ¹⁸flueutibus
415 1792 561 1866 membris,
577 1791 749 1870 omissisque
771 1793 859 1851 armis
879 1794 930 1854 rix
950 1805 1111 1873 compotem

90 1885 208 1945 mentis.
239 1884 316 1943 Tum
330 1885 456 1945 belluam
471 1887 502 1945 in
515 1888 614 1966 fugam
629 1888 763 1960 concitat,
779 1895 917 1967 sequente
932 1889 1108 1951 Alexandro.

91 1980 151 2041 sed
167 1991 260 2060 equus
285 1983 348 2058 ejus
362 1977 464 2039 multis
478 1982 648 2041 vulneribus
670 1984 820 2041 confossus
844 1983 1034 2063 deficiensque
1048 2006 1109 2063 pro·

90 2076 206 2151 cubuit,
221 2078 240 2106 ¹⁰
250 2077 345 2154 posito
353 2077 446 2155 magis
460 2076 551 2155 Rege,
563 2078 652 2155 quium
667 2077 766 2137 effuso.
803 2077 907 2158 Itaque
922 2078 991 2138 dum
1005 2102 1110 2160 equum

90 2180 198 2248 mutat,
213 2172 330 2262 tardius
344 2172 492 2231 insecutus
506 2178 559 2232 est.

154 2273 201 2328 oe.
225 2269 349 2328 Interim
362 2270 454 2328 frater
468 2269 583 2328 Taxilis
604 2269 696 2349 Regis
720 2270 871 2346 Indorum,
886 2273 1052 2350 praemissus
1073 2276 1109 2334 ab

92 2365 275 2440 Alexandro,
295 2385 413 2431 monere
437 2366 524 2442 coepit
546 2365 665 2440 Porum,
680 2385 716 2424 ue
740 2367 845 2426 ultima
869 2369 994 2447 experiri
1016 2391 1108 2448 perse·

90 2469 219 2536 vetaret,
235 2461 409 2540 dederetque
431 2461 592 2521 sericiani.
635 2461 679 2519 At
700 2461 759 2536 ille,
774 2465 939 2543 quanquam
960 2466 1109 2526 exhaustae

91 2564 178 2616 eraut
201 2558 279 2615 vires
304 2557 511 2636 deficiebatque
539 2557 666 2634 sanguis,
695 2565 792 2616 tamen
820 2559 856 2616 ad
883 2571 983 2618 notam
1010 2581 1109 2620 vocem

92 2654 249 2725 excitatus,
265 2655 282 2686 “
293 2653 457 2731 Agnosce,”
472 2653 575 2731 iuquit,
592 2653 732 2711 “Taxilis
747 2655 875 2728 fratrem,
890 2655 1003 2732 imperii
1017 2657 1108 2733 regni-

90 2768 148 2826 que
164 2747 211 2805 sui
224 2747 398 2824 proditoris,
410 2747 427 2778 ’²
449 2756 479 2806 11
497 2747 598 2824 telum,
618 2747 695 2826 quod
715 2767 805 2805 uuum
826 2749 904 2806 forte
924 2769 981 2808 non
996 2751 1109 2808 effluxo·

91 2851 145 2918 rat,
172 2841 314 2901 contorsit
335 2843 470 2919 1111111,
491 2843 569 2921 quod
591 2863 643 2920 per
668 2841 797 2900 medium
821 2851 925 2920 pectus
945 2847 1110 2922 penetravit

91 2940 130 2997 ad
155 2945 279 3017 tergum.
322 2937 388 2996 Hoc
412 2938 514 2996 ultimo
536 2937 654 2996 virtutis
674 2957 759 3016 opere
781 2939 870 3016 edito,
890 2939 991 3018 fugere
1012 2941 1109 3000 acrius

91 3034 188 3112 coepit
232 3032 291 3092 Sed
305 3033 476 3110 elephantus
490 3052 612 3112 queque,
627 3034 679 3111 qui
694 3033 786 3090 multa
807 3042 961 3111 exasperat
981 3036 1048 3113 tela,
1063 3035 1109 3094 de·

91 3128 217 3187 liciebat.
261 3127 367 3205 Itaque
382 3127 463 3184 sistit
485 3128 593 3204 fugam,
608 3128 793 3206 peditemque
816 3130 948 3208 sequenti
970 3131 1047 3189 hosti
1062 3131 1109 3191 oh·

95 3225 180 3304 jecit.
235 3222 306 3282 Jam
329 3223 497 3282 Alexander
522 3233 693 3282 consecutus
714 3231 786 3299 erat,
808 3231 837 3282 et
856 3227 1016 3303 pertinacia
1038 3226 1110 3286 Pori

91 3320 219 3396 cognita,
252 3317 369 3379 vetabat
392 3319 596 3377 resistentibus
623 3319 711 3396 parci.
769 3319 848 3397 Ergd
875 3321 1003 3401 undique
1031 3323 1110 3379 etin

92 3415 207 3493 pedites
222 3420 255 3471 11
268 3413 298 3471 11
311 3413 408 3490 ipsum
430 3412 542 3471 Porum
566 3412 627 3471 tela
646 3421 783 3492 congesta
804 3422 880 3489 sunt,
895 3416 977 3494 queis
992 3414 1109 3471 tandem

92 3515 242 3590 gravatus,
257 3507 318 3567 labi
339 3529 376 3566 ex
395 3508 494 3568 hellue
509 3509 604 3586 coepit.
647 3508 752 3583 Indus,
766 3509 817 3587 qui
832 3508 1016 3586 elephantum
1030 3526 1109 3583 rege·

93 3606 150 3683 bat,
164 3604 342 3663 descendere
356 3624 422 3662 eum
436 3611 526 3678 ratus,
536 3623 616 3662 more
631 3604 717 3662 solito
727 3603 909 3680 elephantum
923 3601 1109 3678 procumbere

97 3700 188 3778 jussit
203 3700 234 3758 in
248 3717 360 3777 genua:
381 3700 481 3778 quint
502 3719 532 3757 se
553 3699 697 3776 submisit,
711 3698 809 3756 caeteri
829 3715 942 3775 quoque
964 3695 1019 3772 (ita
1034 3697 1108 3754 enim

91 3796 221 3855 instituti
237 3798 331 3873 erant)
347 3795 492 3854 demisere
506 3813 625 3872 corpora
639 3795 669 3852 in
684 3801 798 3852 terram.
842 3791 888 3851 Ea
900 3810 947 3850 res
961 3798 991 3849 et
1000 3790 1113 3850 Porum

91 3900 119 3952 et
133 3900 257 3954 caeteros
271 3890 433 3950 victoribus
447 3889 578 3947 tradidit.
