2592 4400
406 237 529 293 uranie
555 252 643 295 v111.
672 252 757 293 oar.
785 254 838 295 ιι.
1076 236 1135 297 203

114 389 206 467 plcre,
227 408 284 450 neo
306 397 451 450 tormenta
473 390 560 451 aliter
580 390 671 451 muris
694 390 856 472 admovere)
880 392 997 472 quidam
1016 412 1033 453 e
1051 412 1134 453 muro

115 485 226 563 sagias
248 486 397 564 percussit
440 486 634 548 ¹⁴ll¹umfortb
647 486 680 546 iu
704 505 799 545 suram
822 487 926 547 incidit
940 487 1039 563 telum,
1053 490 1134 565 cujus
1208 492 1213 503 '

115 579 228 657 spiculo
242 581 342 640 evulso
355 581 501 641 admoveri
514 601 620 661 equum
638 581 743 658 jussit:
764 601 820 662 quo
833 590 942 658 vectus,
955 603 991 642 ne
1005 583 1132 662 obligato

113 675 235 753 quidam
256 676 385 751 vnlnere,
408 669 486 735 baud
499 676 618 755 segnius
639 676 783 735 destinata
802 678 1017 757 exsequebatur.
1071 678 1132 739 (lae-

113 772 215 830 terrim
228 773 296 829 cum
309 790 375 831 crus
385 772 516 831 saucium
535 771 683 849 penderet,
697 780 727 831 et
740 791 838 833 eruore
857 774 965 832 siccato
977 773 1132 853 frigescens

113 866 222 924 vulnus
242 875 411 945 aggravaret
434 866 570 941 dolorem,
592 866 701 927 dixisse
720 867 829 927 fertur:
851 867 889 929 Sc
909 868 1024 947 quidem
1044 869 1131 929 Jovis

112 961 207 1019 lilium
221 961 288 1037 dici,
311 961 501 1039 sedcorporis
521 962 594 1041 aegri
606 962 680 1021 vitia
702 962 814 1021 sentire
856 962 925 1021 Non
946 970 1042 1023 tamen
1061 964 1129 1023 autb

112 1076 145 1115 se
171 1056 283 1134 recepit
308 1056 340 1115 in
366 1065 470 1131 eastra,
498 1061 586 1135 quim
615 1064 719 1117 cuncta
745 1056 900 1135 prospexit,
921 1064 951 1117 et
977 1079 1043 1137 quse
1068 1058 1131 1117 fieri

113 1151 214 1227 vellet,
228 1152 330 1213 edixit
372 1152 462 1232 Ilrgo,
477 1153 553 1213 siout
575 1153 747 1230 imperatum
770 1159 841 1228 erat,
855 1153 905 1212 alii
925 1160 1009 1213 extra
1030 1145 1141 1214 urbem

113 1254 194 1305 tecta
207 1235 656 1326 demoliebantur‚'ingentemque
668 1247 727 1308 vim
740 1249 871 1309 materiae
889 1248 1019 1308 iaciendo
1033 1249 1131 1329 aggeri

79 1412 83 1421 ‚
113 1341 323 1419 detrahebant,
355 1341 408 1401 alii
432 1363 602 1423 magnarum
633 1342 769 1403 arborum
804 1343 918 1421 stipites
945 1364 1010 1403 oum
1042 1346 1130 1405 ramis

112 1456 148 1495 ao
171 1436 264 1495 moles
288 1458 422 1497 saxorum
443 1438 473 1496 in
494 1457 630 1498 cavernas
657 1437 837 1513 dejiciebant.
888 1440 1012 1519 Jamque
1043 1460 1130 1521 agger

112 1539 282 1611 aequaverat
304 1552 423 1593 summae
443 1534 591 1612 fastigium
612 1540 706 1593 terrm
748 1532 852 1612 Itaque
872 1541 964 1595 turres
984 1536 1129 1615 erigeban-

114 1634 182 1687 tur:
202 1648 268 1706 quae
290 1648 378 1705 opera
403 1629 512 1707 ingenti
538 1627 667 1686 militum
693 1614 795 1687 ardore
822 1628 1031 1705 iutrsunonum
1054 1631 1129 1690 diem

112 1722 250 1782 absoluta
272 1716 360 1783 sunt.¹
389 1722 439 1782 Ad
459 1742 494 1781 ea
506 1720 627 1781 visenda
646 1722 722 1796 Rex,
731 1722 858 1781 nondum
878 1724 1001 1784 obducti
1015 1724 1128 1784 vulneri

112 1816 260 1891 cicatrice,
273 1816 429 1894 prooessit:
451 1816 632 1895 laudatisque
654 1815 808 1891 militibus,
822 1816 967 1877 admoveri
982 1818 1129 1877 machinas

117 1911 219 1988 jussit,
242 1930 258 1969 e
283 1911 388 1989 quibus
410 1911 512 1990 ingens
532 1911 576 1970 vis
598 1910 723 1969 telorum
744 1910 775 1967 iu
795 1918 1020 1989 propugnatores
1040 1914 1129 1973 effusa

112 2013 165 2065 est
207 2005 359 2083 Praecipue
373 2006 461 2065 rudes
475 2005 580 2065 talium
592 2024 709 2081 opernm
723 2004 870 2065 terrebant
882 2005 1002 2066 mobiles
1016 2013 1126 2066 turres:

112 2107 266 2178 mutasque
285 2098 383 2174 moles,
397 2099 478 2157 nulli
492 2118 554 2177 ope,
568 2119 632 2177 quse
652 2105 825 2173 cerneretur,
839 2098 986 2175 adductas,
1000 2099 1128 2160 Deorum

110 2196 231 2256 numine
244 2194 292 2274 agi
305 2194 467 2256 credebant
509 2195 577 2255 Pila
595 2213 708 2274 quoque
727 2192 859 2270 muralia,
873 2201 903 2254 et
922 2214 1056 2255 excussas
1071 2204 1127 2256 tor·

111 2292 220 2352 mentis
242 2310 405 2369 praegraves
435 2290 540 2366 hastas,
569 2289 743 2368 ¹⁶negabant
769 2291 920 2350 convenire
947 2291 1125 2353 mortalibus.

112 2388 221 2465 Itaque
234 2386 384 2463 desperata
396 2385 476 2446 urbis
489 2384 583 2444 tuteli
596 2389 763 2444 concessere
776 2384 808 2442 in
817 2405 917 2446 arcem.
959 2387 1044 2462 inde,
1059 2387 1127 2467 quia
1166 2378 1169 2384 ’

110 2483 188 2542 nibil
212 2481 338 2541 obsessis
358 2485 466 2558 praeter
489 2481 666 2540 deditionem
685 2479 826 2558 placebat,
850 2481 937 2560 legati
958 2482 996 2542 ad
1015 2483 1126 2562 Regem

111 2577 330 2650 descenderunt,
350 2576 464 2636 veniam
483 2574 612 2654 petituri.
655 2574 721 2646 Qus
741 2575 905 2653 impetrati,
927 2577 1041 2656 Regina
1061 2597 1127 2637 eum

111 2690 216 2752 magno
236 2670 376 2731 nobilium
395 2670 577 2730 foeminarum
597 2689 693 2749 grege,
714 2669 810 2728 aureis
829 2670 936 2746 pateris
949 2672 1015 2730 vina
1035 2655 1136 2732 liban,

111 2765 197 2840 tium,
211 2765 357 2842 prooessit
398 2758 468 2841 Ipso
489 2764 611 2844 genibus
635 2762 726 2841 Regis
739 2782 828 2841 parvo
848 2763 907 2822 filio
921 2764 1047 2838 admoto,
1069 2783 1126 2824 non

112 2861 226 2921 veniam
248 2859 340 2934 modo,
355 2859 407 2919 sed
425 2860 513 2918 etiam
534 2858 668 2936 pristinae
687 2858 813 2917 fortunae
836 2857 1002 2935 impetravit
1022 2858 1124 2918 decus:

112 2956 221 3034 qnippe
233 2955 377 3032 appellata
389 2961 435 3012 est
447 2954 575 3033 Regina,
597 2960 628 3011 et
647 2943 800 3012 credidere
810 2951 935 3031 qnidam,
948 2952 1013 3030 plus
1025 2953 1126 3014 formae

111 3054 202 3130 quim
222 3049 401 3108 miserationi
414 3048 522 3108 datum.
564 3048 660 3107 Puero
681 3051 796 3126 quoque
815 3047 903 3124 certe,
918 3055 1019 3128 postca
1033 3070 1070 3110 ex
1090 3053 1125 3108 eb

112 3154 268 3224 utcumque
280 3144 390 3223 genito,
404 3143 571 3203 Alexandro
584 3143 644 3202 fuit
657 3161 768 3204 nomen
914 3223 916 3227 Ι

173 3241 232 3302 XL
254 3244 301 3301 36.
322 3240 402 3299 Hine
422 3240 618 3318 Polyspereon
631 3237 669 3295 ad
682 3237 781 3297 urbem
796 3235 906 3297 Noram
920 3259 984 3298 enm
998 3239 1126 3300 exercitu

112 3337 227 3411 missus,
250 3334 411 3394 inconditos
431 3334 588 3412 oppidanos
612 3332 712 3410 praelio
734 3332 823 3394 vicit:
854 3332 932 3393 intra
950 3335 1126 3394 munimenta

112 3432 274 3511 compulsos
286 3436 411 3504 secutus,
418 3430 521 3488 urbem
534 3429 566 3486 iu
579 3428 719 3486 ditionem
731 3426 851 3506 redegit
881 3429 976 3488 Multa
989 3428 1126 3507 ignobilia

114 3528 222 3606 oppida
235 3527 351 3585 deserta
369 3545 389 3582 a
412 3526 473 3584 suis
494 3528 601 3584 venere
615 3524 645 3582 in
660 3526 751 3607 Regis
772 3534 954 3606 potestatem.
997 3523 1126 3594 Quorum

113 3624 218 3683 incolae
241 3623 355 3693 armati,
369 3630 481 3698 petram
506 3620 620 3679 Aornin
641 3624 756 3682 nomine
777 3625 997 3698 occupaverunt.
1041 3619 1126 3677 Hano

113 3719 150 3778 ab
175 3717 306 3777 Hercule
329 3717 440 3774 frustrat
464 3715 611 3776 obsessam
634 3735 708 3790 esse,
725 3724 868 3793 terreque
891 3719 972 3777 motu
996 3719 1126 3771 coactum
