2592 4400
168 270 228 331 206
514 288 660 337 norror
683 288 826 331 oonrrr

170 428 225 489 flde
238 426 382 487 redditum
394 434 448 489 eat.
488 426 597 503 Petrae,
615 426 797 507 regionisque
814 426 845 487 oi
867 425 1022 504 adimens,
1037 425 1191 487 Siaooosbo

169 522 265 583 tutela
277 522 425 600 permissa.

229 616 305 677 XII.
336 620 382 675 39.
416 614 490 675 Iodo
511 616 654 693 prooessit
681 616 855 690 Embolima,
882 623 912 675 et
939 616 1009 675 edm
1036 615 1194 693 angustias

171 712 286 771 itineris
301 712 429 772 obsideri
441 712 547 789 viginti
560 712 691 772 millibus
705 720 880 771 armatorum
895 712 932 772 ab
947 711 1046 789 llryoe
1060 711 1193 790 quodam

171 806 368 884 oomperieset,
384 806 520 885 ¹gravius
533 826 636 885 agmen
650 807 800 865 exereitus
817 806 907 867 Ooeno
922 805 1088 865 dueendum
1109 806 1193 863 'mo-

172 902 245 961 dioia
259 902 414 961 itineribus
437 901 568 961 tradidit.
612 901 681 979 Ipse
705 920 884 979 progressus
903 921 968 961 eum
981 902 1134 961 funditore
1159 922 1196 959 ao

173 997 334 1075 sagittario,
348 996 512 1057 deturbatis
536 997 588 1075 qui
611 996 784 1056 obsederant
809 996 925 1071 saltum,
942 997 1135 1077 sequentibus
1163 1017 1197 1056 se

173 1092 264 1169 oopiis
276 1092 353 1153 riam
366 1092 444 1151 feeit
486 1091 556 1151 Indi
578 1092 639 1151 sive
654 1092 720 1151 odio
743 1092 834 1166 duois,
850 1092 911 1151 aire
929 1092 1053 1171 gratiam
1067 1093 1197 1153 victoris

175 1187 269 1266 Regis
289 1185 399 1261 inituri,
416 1186 541 1264 Eryoem
554 1187 717 1264 fugientem
737 1187 833 1247 adorti
853 1188 1073 1259 interemerunt,
1089 1196 1195 1265 eaput-

174 1302 230 1361 qoe
243 1284 308 1360 ejus
331 1290 418 1361 atque
430 1302 510 1341 mma
532 1281 570 1340 ed
590 1281 792 1341 Alexandrum
814 1281 989 1341 detulerunt
1041 1281 1101 1341 Ille
1115 1284 1197 1341 faoto

175 1378 378 1455 impunitatem
400 1376 492 1451 dedit,
513 1377 651 1437 bonorem
677 1377 832 1456 denegavit
855 1377 994 1455 exemplo.
1049 1378 1131 1437 Hine
1156 1378 1197 1435 ad

175 1472 283 1531 flumen
307 1470 414 1529 Indum
434 1472 528 1530 sextis
548 1472 668 1530 deoimis
681 1471 786 1531 eastris
808 1470 948 1549 pervenit,
970 1472 1125 1551 omniaque
1148 1473 1199 1549 (ut

177 1569 367 1645 proeoeperat)
391 1566 430 1625 ad
451 1566 658 1644 trajioiondum
678 1575 840 1644 prmpareta
863 1566 900 1627 ab
925 1566 1139 1645 Hepbaestione
1152 1588 1197 1627 re

177 1662 260 1740 perit.
303 1660 478 1739 'Regnabat
498 1662 530 1720 in
552 1666 589 1721 et
612 1663 731 1741 regione
754 1660 887 1739 Omphis,
901 1662 1065 1741 qui⁴patri
1078 1682 1198 1743 quoqne

177 1758 274 1817 fuerat
287 1764 389 1817 anotor
402 1757 528 1817 dedendi
554 1776 675 1835 regnum
698 1757 874 1817 Alexandro.
919 1758 961 1819 Et
980 1766 1048 1835 post
1067 1767 1197 1819 mortem

177 1852 307 1931 parentis
321 1852 431 1932 legatos
444 1852 572 1927 miseret,
586 1853 637 1932 qui
656 1851 840 1925 oonsulerent
863 1872 937 1928 eum,
953 1872 1074 1931 regnare
1098 1872 1131 1911 se
1155 1854 1197 1911 in·

179 1948 266 2007 terim
277 1948 375 2023 vellet,
390 1968 427 2007 au
451 1951 595 2026 privatum
620 1948 747 2025 opperiri
772 1949 835 2025 ejus
859 1948 1034 2024 adventum3
1056 1948 1195 2026 'permis-

179 2063 268 2122 soque
281 2052 316 2102 ut
329 2052 471 2123 regnaret,
483 2063 540 2102 non
565 2052 662 2102 tamen
685 2045 735 2119 jus
758 2042 859 2102 datum
883 2062 1023 2121 usurpare
1045 2044 1197 2102 sustinuit

181 2139 214 2200 Is
236 2139 359 2217 benigne
372 2140 490 2218 quidem
508 2146 661 2218 exceperat
686 2138 934 2216 Hephaestionem,
949 2138 1112 2219 gratuitum
1134 2140 1197 2198 fru-

180 2243 309 2294 mentum
322 2236 413 2312 oopiia
434 2239 498 2312 ejus
517 2235 691 2294 admensus:
713 2235 790 2293 ‘nou
811 2236 949 2294 tamensi
968 2242 1144 2308 ooourrerat,
1160 2255 1200 2294 ne

179 2328 266 2388 fidem
279 2328 377 2403 ullius,
391 2330 448 2387 nisi
467 2330 568 2409 Regis,
582 2330 775 2408 experiretur.
817 2329 921 2408 Itaque
936 2330 1064 2390 venienti
1077 2329 1200 2390 obviam

180 2441 246 2480 oum
270 2429 379 2480 armato
406 2425 533 2482 exercitu
556 2443 691 2504 egressus
712 2432 764 2484 est.
816 2413 972 2502 Elephanti
999 2443 1121 2504 quoque,
1143 2445 1200 2502 por

181 2517 294 2575 modios
307 2517 461 2578 intervalla
473 2505 600 2577 militum
615 2518 723 2598 agmini
744 2520 879 2594 immixti,
893 2519 993 2597 prooul
1007 2520 1199 2579 castellorum

181 2614 311 2672 leoeraut
324 2614 456 2691 speeiem.
873 2625 887 2667 a

243 2711 290 2767 40.
311 2709 356 2768 Ao
380 2709 474 2787 primd
488 2708 665 2785 Alexander,
680 2728 736 2767 nou
759 2709 876 2784 sooium,
891 2709 942 2768 sed
964 2710 1077 2768 hostem
1090 2709 1198 2770 adven·

183 2811 246 2862 tare
273 2803 416 2864 eradebat
471 2804 597 2882 Jamque
630 2812 662 2863 et
689 2805 751 2881 ipse
779 2823 859 2864 arms
886 2803 996 2863 milites
1024 2823 1136 2882 oepere,
1166 2813 1199 2863 ot

182 2901 295 2978 equites
309 2900 458 2960 discedere
478 2900 507 2958 in
520 2919 612 2958 oornu
629 2902 767 2976 jusserat,
779 2906 895 2977 paratos
909 2899 947 2958 ad
967 2919 1102 2979 pugnam.
1146 2900 1193 2958 At

183 2995 286 3069 Indus,
300 2997 417 3074 cognito
437 2995 628 3053 Maeedonum
653 3013 757 3069 errore,
769 2995 860 3071 jussis
883 2995 1043 3054 subsistere
1067 2995 1195 3069 oaeteris‚

184 3089 246 3166 ipse
259 3091 386 3149 oonoitat
400 3109 515 3167 equum,
529 3108 587 3168 quo
601 3089 767 3150 vehebatur.
798 3088 882 3148 Idem
896 3089 1066 3148 Alexander
1079 3109 1196 3174 quoque

184 3185 272 3244 feeit:
293 3184 354 3243 sive
367 3184 469 3258 bostis,
484 3184 544 3243 sire
557 3185 667 3242 amiens
678 3191 847 3260 ooourreret,
861 3183 929 3243 'vel
944 3188 999 3242 sut
1011 3184 1133 3259 virtute,
1148 3185 1197 3244 vel

184 3279 264 3338 illius
284 3278 342 3337 tide
366 3284 456 3337 tutus.
500 3278 629 3354 (lomere,
650 3279 727 3358 qood
752 3297 788 3338 ex
812 3279 964 3356 utriusque
988 3279 1073 3338 vultu
1098 3287 1197 3358 posset

184 3374 318 3454 intelligi,
332 3374 433 3432 amiois
447 3374 570 3432 animis:
591 3376 731 3434 oaeterllm
745 3375 807 3432 siue
828 3374 986 3450 interprete
1006 3392 1065 3432 non
1079 3383 1197 3453 poterat

183 3471 295 3530 ooneeri
317 3489 417 3530 sermo.
461 3468 566 3548 Itaque
589 3469 721 3528 adhibito
746 3487 788 3543 eo,
809 3468 957 3527 Barbarus
982 3473 1144 3528 ooourrisse
1166 3491 1198 3530 se

183 3567 260 3626 dixit
273 3586 339 3624 oum
352 3566 492 3639 exercitu,
507 3572 583 3622 totae
607 3564 721 3640 imperii
743 3564 820 3623 vires
840 3564 972 3640 protinus
993 3564 1193 3641 traditurum

183 3681 236 3719 neo
249 3665 419 3736 expeotnsee
438 3659 508 3718 dnm
520 3678 572 3736 per
586 3658 704 3716 nunoios
719 3657 839 3716 daretur
853 3658 933 3717 fides.
978 3657 1092 3736 (lorpus
1114 3680 1197 3719 auum

184 3763 215 3814 et
238 3775 360 3836 regnum
382 3755 550 3834 permittere
572 3751 627 3827 illi,
640 3771 727 3830 quem
749 3753 838 3811 eoiret
859 3753 978 3832 'gloriae
1001 3752 1197 3814 militantem:
