2592 4400
199 452 255 513 194
544 469 684 520 ournrr
713 467 851 509 curru

192 614 280 687 nege
302 607 488 668 sunonem.
542 606 621 681 nex,
634 606 760 667 insitio
780 588 872 685 pario,
896 606 993 667 nom
1017 606 1212 669 Hermonem

196 704 291 783 jubet,
299 724 367 783 quee
379 702 565 781 exmagistro
575 703 727 764 didicisset
742 702 918 765 Galisthene.
962 702 1005 763 Et
1022 703 1211 778 Hermolaus,

191 798 327 875 “Utor,’‘
347 798 453 878 iuquit,
475 798 645 859 “beneficio
669 805 729 874 tuo,
754 806 784 857 et
808 798 873 857 dieo
898 818 965 877 quae
988 798 1100 859 uostris
1127 800 1213 857 malis

191 894 289 954 didici
320 890 432 966 'Quota
444 913 510 972 pars
525 891 719 953 Macedonum
733 893 856 953 saevitiae
870 900 929 953 tuae
943 894 1103 971 superest?
1136 894 1212 966 Quo·

192 998 240 1049 tue
253 990 372 1069 quidem
384 1008 443 1049 uon
457 1009 473 1047 e
487 988 629 1049 vilissimo
651 988 812 1066 sauguine?
864 988 996 1064 Attalus,
1011 997 1042 1048 et
1065 990 1212 1063 Philotae,

191 1092 222 1145 et
237 1086 401 1160 Parmenio,
415 1092 447 1145 et
461 1084 621 1162 Lyncestes
635 1083 814 1158 Alexander,
829 1090 859 1143 et
875 1082 981 1159 clitus,
1000 1084 1159 1164 ¹quantum
1175 1086 1212 1143 ad

191 1181 290 1241 hostes
309 1181 447 1259 pertinet,
460 1180 584 1256 vivunt,
607 1186 688 1239 stant
710 1178 741 1239 in
761 1180 832 1254 acie,
847 1188 878 1239 te
898 1179 1010 1257 clypeis
1032 1181 1094 1239 suis
1117 1190 1212 1259 prote

190 1284 274 1356 gunt,
285 1284 316 1335 et
328 1294 379 1353 pro
392 1274 488 1354 glorie
502 1276 563 1349 tua,
579 1293 632 1353 pro
645 1274 772 1334 victoria
783 1274 905 1341 vulnera
918 1275 1083 1353 accipiunt:
1104 1277 1213 1356 quibus

124 1385 128 1393 ·
191 1379 226 1431 tu
239 1371 386 1451 egregiam
400 1370 525 1449 gretiam
538 1369 675 1429 retulisti.
727 1369 817 1429 Alius
831 1389 958 1429 mensem
972 1378 1053 1429 tuam
1068 1374 1213 1450 sauguine

192 1486 245 1526 auo
259 1466 392 1543 aspersit
435 1464 523 1524 Alius
536 1485 573 1525 ue
587 1464 732 1543 ‘simplici
744 1464 862 1543 quidem
876 1474 969 1525 morte
984 1466 1143 1527 defunctus
1157 1476 1211 1527 est

192 1562 291 1621 Duces
305 1560 484 1620 exercituum
503 1568 621 1621 tuorum
634 1560 666 1619 in
686 1560 842 1639 equuleum
856 1561 994 1639 impositi,
1010 1562 1123 1639 Persis,
1138 1583 1213 1643 quos

191 1658 329 1730 vicerant,
350 1656 434 1716 luere
456 1656 630 1733 spectaculo.
678 1654 843 1730 Parmenio,
866 1656 978 1715 indicte
1002 1661 1100 1732 causa,
1124 1660 1212 1719 truci-

192 1754 277 1814 datus
293 1759 348 1828 est,
363 1771 516 1832 perquem
530 1751 669 1812 Attalum
682 1751 838 1811 occideras.
881 1751 1013 1811 Invicem
1027 1754 1106 1813 euim
1126 1755 1212 1814 mire·

191 1869 290 1909 rorum
316 1848 411 1908 uteris
437 1848 571 1906 manibus
598 1846 656 1906 'ad
685 1847 849 1925 expetenda
877 1847 1025 1926 supplicia
1070 1849 1113 1909 Et
1138 1831 1213 1929 ques

191 1945 280 2024 pauld
295 1946 363 2004 ante
377 1944 528 2002 ministros
541 1942 630 2003 eredis
650 1941 788 2017 habuiisti,
801 1941 899 2003 subito
913 1944 949 2003 ab
963 1943 1029 2002 eliis
1048 1944 1136 2020 jubes
1151 1953 1212 2005 trn·

192 2039 316 2099 eidari.‘'
359 2037 542 2116 Obstrepunt
556 2036 662 2097 deiude
677 2037 776 2096 cuncti
792 2037 958 2097 Hermolao.
1003 2038 1096 2098 Pater
1111 2060 1212 2118 supre

190 2136 273 2195 mrim
294 2135 453 2195 strinxerat
466 2134 584 2209 ferrum,
599 2151 790 2212 percussurus
804 2133 881 2193 haud
896 2133 994 2209 dubie,
1009 2137 1042 2192 ui
1064 2135 1212 2198 inhibitus

191 2239 269 2290 esset
282 2251 300 2288 a
313 2230 413 2308 Rege:
434 2230 542 2310 quippe
558 2229 753 2288 Hermolaum
767 2230 864 2289 dicere
881 2231 986 2308 jussit3
1008 2232 1163 2311 petiitque,
1176 2239 1213 2292 nt

190 2343 293 2383 cemes
306 2323 442 2402 supplicii
455 2330 609 2404 augentem
623 2324 770 2401 patienter
783 2324 926 2383 audirent.

250 2423 298 2478 26.
331 2419 425 2498 AEgrd
453 2421 522 2498 ergo
554 2420 698 2494 coercitis,
727 2421 831 2480 rursds
860 2419 1044 2496 Hermolaus,
1078 2421 1211 2493 “«Qudm

191 2513 376 2590 liberaliter,’'
390 2515 496 2593 inquit,
511 2515 527 2547 “
539 2514 638 2592 pueris
658 2515 780 2575 rudibus
806 2514 843 2574 ed
865 2515 1019 2574 dicendum
1039 2537 1125 2594 agere
1146 2539 1211 2596 per·

190 2607 302 2669 mittial
344 2610 389 2668 At
411 2608 589 2671 Oalistheuie
613 2629 672 2670 vox
693 2629 808 2668 carcere
830 2609 942 2670 incluse
959 2619 1018 2688 est,
1033 2613 1104 2690 quia
1128 2614 1210 2674 solus

190 2714 288 2787 potest
301 2705 406 2765 dicere.
450 2705 511 2766 Gur
525 2706 602 2764 enim
621 2725 680 2764 nou
694 2705 873 2782 producitur,
888 2709 952 2764 cim
973 2707 1062 2766 etiam
1082 2709 1210 2768 confessi

191 2801 372 2862 audiuntur?
422 2801 536 2879 Nempe
560 2801 630 2880 quie
654 2801 776 2860 liberem
798 2821 898 2860 vocem
922 2803 1084 2862 innocentie
1106 2805 1209 2862 audire

191 2900 307 2974 metuis,
321 2919 355 2959 ec
367 2918 404 2958 ne
417 2898 531 2958 vultum
544 2897 663 2975 quidem
676 2896 794 2974 pateris.
838 2898 933 2976 Atqui
944 2898 1017 2956 nihil
1027 2919 1094 2958 eum
1104 2901 1209 2960 fecisse
1272 2907 1273 2940 ³

192 2995 343 3055 contendo.
387 2995 463 3056 Sunt
486 2995 536 3053 hle
557 2994 608 3073 qui
632 3011 745 3052 mecum
767 3013 828 3052 rem
847 2994 1069 3071 pulcherrimum
1083 2997 1208 3075 cogitav-

193 3097 287 3148 eruut
339 3090 434 3148 Nemo
458 3097 513 3164 est,
533 3089 584 3168 qui
610 3089 758 3147 conscium
782 3089 873 3148 fuisse
900 3089 983 3150 nobis
1004 3089 1209 3152 -Oalistheuem
1272 3093 1273 3122 ³

192 3182 279 3256 dicat,
294 3184 362 3241 erim
383 3184 472 3242 morti
493 3183 562 3242 olim
585 3183 748 3242 destinatus
771 3183 810 3242 sit
823 3203 841 3240 a
854 3183 864 3212 ⁸
871 3184 1036 3260 J'ustissimo
1051 3193 1083 3243 et
1096 3183 1208 3262 patien·
1272 3193 1273 3266 f

193 3272 305 3335 tissime
320 3276 412 3355 Rege.
454 3277 548 3336 'Haeo
562 3297 631 3358 ergo
643 3285 712 3337 sunt
733 3277 925 3338 Macedonum
939 3279 1066 3358 praemia,
1082 3301 1208 3359 quorum
1272 3281 1273 3308 ³

192 3379 227 3432 ut
241 3390 421 3450 supervacuo
435 3378 465 3430 et
479 3371 597 3430 sordido
608 3372 739 3431 abuteris
754 3372 915 3452 sanguinei
957 3373 1001 3432 At
1015 3373 1070 3434 tibi
1085 3375 1209 3454 triginta

192 3467 287 3528 millia
311 3465 457 3526 mulorum
480 3466 626 3542 captivum
652 3486 754 3524 eurum
778 3466 897 3541 vehunt,
914 3469 981 3526 crlm
1003 3467 1112 3528 milites
1134 3471 1208 3528 nihil

193 3564 310 3623 domum
323 3569 429 3640 preater
442 3559 606 3640 'gratuitas
617 3561 765 3620 cicatrices
776 3560 898 3620 relaturi
913 3563 979 3620 sint.
1023 3560 1097 3632 Quae
1112 3573 1209 3623 temen

193 3658 291 3719 omnia
304 3656 429 3717 tolerare
449 3656 606 3734 potuimus,
621 3656 775 3733 antequem
795 3675 848 3715 nos
868 3655 1010 3714 Barbarie
1031 3657 1164 3734 dederes,
1180 3665 1210 3718 et

195 3756 287 3812 'novo
301 3771 380 3811 more
394 3752 522 3811 victores
536 3750 590 3810 sub
601 3752 706 3828 jugum
720 3751 859 3810 mitteres.
903 3751 1062 3810 Persarum
1077 3759 1108 3812 te
1119 3754 1209 3814 vestis

194 3856 225 3906 et
249 3847 404 3925 disciplina
428 3846 563 3920 delectat,
588 3845 699 3922 patrios
722 3845 816 3904 mores
841 3865 946 3906 exosus
967 3866 1006 3906 es.
1048 3847 1209 3908 Persarum

194 3945 274 4020 erge,
288 3961 344 3999 non
362 3941 554 4000 Macedonum
570 3940 683 4020 Regem
697 3940 827 4000 occidere
840 3940 1006 4001 voluimus:
1027 3949 1059 4002 et
1071 3949 1103 4002 te
1117 3951 1209 4006 traue-
1272 3995 1273 4010 ,
