<?xml version="1.0" encoding="UTF-8"?>
<!DOCTYPE html PUBLIC "-//W3C//DTD XHTML 1.0 Transitional//EN"
    "http://www.w3.org/TR/xhtml1/DTD/xhtml1-transitional.dtd">
<html xmlns="http://www.w3.org/1999/xhtml" xml:lang="en" lang="en">
 <head>
  <title>
</title>
<meta http-equiv="Content-Type" content="text/html;charset=utf-8" />
  <meta name='ocr-system' content='tesseract 3.04.00' />
  <meta name='ocr-capabilities' content='ocr_page ocr_carea ocr_par ocr_line ocrx_word'/>
</head>
<body>
  <div class='ocr_page' id='page_1' title='image "./quintuscurtiusr00crosgoog_0153.png"; bbox 0 0 2592 4400; ppageno 0'>
   <div class='ocr_carea' id='block_1_1' title="bbox 189 332 842 397">
    <p class='ocr_par' dir='ltr' id='par_1_1' title="bbox 189 332 842 397">
     <span class='ocr_line' id='line_1_1' title="bbox 189 332 842 397; baseline -0.002 -5"><span class='ocrx_word' id='word_1_1' title='bbox 189 332 245 393; x_wconf 83' lang='grc'><strong>140</strong></span> <span class='ocrx_word' id='word_1_2' title='bbox 531 348 676 397; x_wconf 76' lang='lat' dir='ltr'><strong>cursus</strong></span> <span class='ocrx_word' id='word_1_3' title='bbox 700 348 842 391; x_wconf 82' lang='lat' dir='ltr'><strong>ouaurr</strong></span> 
     </span>
    </p>
   </div>
   <div class='ocr_carea' id='block_1_2' title="bbox 183 487 1276 3688">
    <p class='ocr_par' dir='ltr' id='par_1_2' title="bbox 183 487 1200 663">
     <span class='ocr_line' id='line_1_2' title="bbox 184 487 1200 567; baseline -0.001 -18"><span class='ocrx_word' id='word_1_4' title='bbox 184 489 223 549; x_wconf 79' lang='lat' dir='ltr'><strong>ad</strong></span> <span class='ocrx_word' id='word_1_5' title='bbox 247 489 392 567; x_wconf 83' lang='lat' dir='ltr'><strong>Dymnum</strong></span> <span class='ocrx_word' id='word_1_6' title='bbox 418 488 557 567; x_wconf 76' lang='lat' dir='ltr'><strong>pertinet,</strong></span> <span class='ocrx_word' id='word_1_7' title='bbox 577 488 668 547; x_wconf 85' lang='lat' dir='ltr'><strong>nihil·</strong></span> <span class='ocrx_word' id='word_1_8' title='bbox 683 488 759 565; x_wconf 87' lang='lat' dir='ltr'><strong>scio;</strong></span> <span class='ocrx_word' id='word_1_9' title='bbox 790 494 821 547; x_wconf 84' lang='lat' dir='ltr'><strong>ot</strong></span> <span class='ocrx_word' id='word_1_10' title='bbox 847 487 908 549; x_wconf 77' lang='lat' dir='ltr'><strong>hec</strong></span> <span class='ocrx_word' id='word_1_11' title='bbox 936 488 1093 563; x_wconf 82' lang='lat' dir='ltr'><strong>confessus,</strong></span> <span class='ocrx_word' id='word_1_12' title='bbox 1118 487 1200 549; x_wconf 85' lang='lat' dir='ltr'><strong>intel-</strong></span> 
     </span>
     <span class='ocr_line' id='line_1_3' title="bbox 183 582 1122 663; baseline 0.003 -23"><span class='ocrx_word' id='word_1_13' title='bbox 183 582 244 663; x_wconf 89' lang='lat' dir='ltr'><strong>ligo</strong></span> <span class='ocrx_word' id='word_1_14' title='bbox 255 601 313 641; x_wconf 90' lang='lat' dir='ltr'><strong>non</strong></span> <span class='ocrx_word' id='word_1_15' title='bbox 326 582 460 661; x_wconf 90' lang='lat' dir='ltr'><strong>prodesse</strong></span> <span class='ocrx_word' id='word_1_16' title='bbox 469 584 543 643; x_wconf 89' lang='lat' dir='ltr'><strong>mihi</strong></span> <span class='ocrx_word' id='word_1_17' title='bbox 554 584 632 663; x_wconf 67' lang='lat' dir='ltr'><strong>qued</strong></span> <span class='ocrx_word' id='word_1_18' title='bbox 644 582 770 661; x_wconf 87' lang='lat' dir='ltr'>proximi</span> <span class='ocrx_word' id='word_1_19' title='bbox 784 584 899 643; x_wconf 85' lang='lat' dir='ltr'><strong>sceleris</strong></span> <span class='ocrx_word' id='word_1_20' title='bbox 913 602 1016 661; x_wconf 77' lang='lat' dir='ltr'>expers</span> <span class='ocrx_word' id='word_1_21' title='bbox 1026 585 1122 643; x_wconf 86' lang='lat' dir='ltr'><strong>sum”</strong></span> 
     </span>
    </p>

    <p class='ocr_par' dir='ltr' id='par_1_3' title="bbox 184 676 1276 3688">
     <span class='ocr_line' id='line_1_4' title="bbox 245 676 1202 756; baseline 0.002 -21"><span class='ocrx_word' id='word_1_22' title='bbox 245 680 291 736; x_wconf 81' lang='grc'><strong>33.</strong></span> <span class='ocrx_word' id='word_1_23' title='bbox 313 676 375 751; x_wconf 91' lang='lat' dir='ltr'><strong>Illi,</strong></span> <span class='ocrx_word' id='word_1_24' title='bbox 389 678 492 737; x_wconf 83' lang='lat' dir='ltr'><strong>rursds</strong></span> <span class='ocrx_word' id='word_1_25' title='bbox 504 677 656 737; x_wconf 88' lang='lat' dir='ltr'><strong>tormentis</strong></span> <span class='ocrx_word' id='word_1_26' title='bbox 670 676 803 751; x_wconf 88' lang='lat' dir='ltr'><strong>admotis,</strong></span> <span class='ocrx_word' id='word_1_27' title='bbox 817 679 884 736; x_wconf 83' lang='lat' dir='ltr'><strong>edm</strong></span> <span class='ocrx_word' id='word_1_28' title='bbox 899 676 969 755; x_wconf 89' lang='lat' dir='ltr'><strong>ipsis</strong></span> <span class='ocrx_word' id='word_1_29' title='bbox 979 696 1094 756; x_wconf 89' lang='lat' dir='ltr'><strong>quoque</strong></span> <span class='ocrx_word' id='word_1_30' title='bbox 1108 677 1202 737; x_wconf 86' lang='lat' dir='ltr'><strong>hastis</strong></span> 
     </span>
     <span class='ocr_line' id='line_1_5' title="bbox 184 771 1203 851; baseline 0.001 -22"><span class='ocrx_word' id='word_1_31' title='bbox 184 788 217 829; x_wconf 91' lang='lat' dir='ltr'><strong>os</strong></span> <span class='ocrx_word' id='word_1_32' title='bbox 238 771 392 851; x_wconf 86' lang='lat' dir='ltr'><strong>oculosque</strong></span> <span class='ocrx_word' id='word_1_33' title='bbox 413 774 476 849; x_wconf 89' lang='lat' dir='ltr'><strong>ejus</strong></span> <span class='ocrx_word' id='word_1_34' title='bbox 498 772 736 847; x_wconf 77' lang='lat' dir='ltr'><strong>&#39;&#39;everberarent,</strong></span> <span class='ocrx_word' id='word_1_35' title='bbox 759 776 935 849; x_wconf 79' lang='lat' dir='ltr'><strong>expressere,</strong></span> <span class='ocrx_word' id='word_1_36' title='bbox 958 779 991 831; x_wconf 88' lang='lat' dir='ltr'><strong>nt</strong></span> <span class='ocrx_word' id='word_1_37' title='bbox 1014 772 1068 830; x_wconf 87' lang='lat' dir='ltr'><strong>hoc</strong></span> <span class='ocrx_word' id='word_1_38' title='bbox 1088 790 1203 851; x_wconf 88' lang='lat' dir='ltr'><strong>quoque</strong></span> 
     </span>
     <span class='ocr_line' id='line_1_6' title="bbox 184 864 1205 947; baseline 0.001 -24"><span class='ocrx_word' id='word_1_39' title='bbox 184 864 292 925; x_wconf 88' lang='lat' dir='ltr'><strong>crimen</strong></span> <span class='ocrx_word' id='word_1_40' title='bbox 311 866 499 926; x_wconf 82' lang='lat' dir='ltr'><strong>confiteretur.</strong></span> <span class='ocrx_word' id='word_1_41' title='bbox 541 866 735 947; x_wconf 71' lang='lat' dir='ltr'><strong>Exigentibus</strong></span> <span class='ocrx_word' id='word_1_42' title='bbox 756 866 917 942; x_wconf 69' lang='lat' dir='ltr'><strong>deiurant</strong></span> <span class='ocrx_word' id='word_1_43' title='bbox 931 867 1058 925; x_wconf 83' lang='lat' dir='ltr'><strong>ordinem</strong></span> <span class='ocrx_word' id='word_1_44' title='bbox 1080 866 1205 945; x_wconf 90' lang='lat' dir='ltr'><strong>cogitati</strong></span> 
     </span>
     <span class='ocr_line' id='line_1_7' title="bbox 184 960 1204 1041; baseline 0.001 -22"><span class='ocrx_word' id='word_1_45' title='bbox 184 962 302 1020; x_wconf 88' lang='lat' dir='ltr'><strong>sceleris</strong></span> <span class='ocrx_word' id='word_1_46' title='bbox 325 968 490 1041; x_wconf 87' lang='lat' dir='ltr'><strong>exponeret,</strong></span> <span class='ocrx_word' id='word_1_47' title='bbox 511 966 606 1020; x_wconf 81' lang='lat' dir='ltr'><strong>“cnm</strong></span> <span class='ocrx_word' id='word_1_48' title='bbox 620 961 674 1020; x_wconf 85' lang='lat' dir='ltr'><strong>did</strong></span> <span class='ocrx_word' id='word_1_49' title='bbox 696 960 805 1021; x_wconf 87' lang='lat' dir='ltr'><strong>Bactra</strong></span> <span class='ocrx_word' id='word_1_50' title='bbox 828 968 976 1021; x_wconf 86' lang='lat' dir='ltr'><strong>retentura</strong></span> <span class='ocrx_word' id='word_1_51' title='bbox 997 962 1108 1041; x_wconf 83' lang='lat' dir='ltr'><strong>Regem</strong></span> <span class='ocrx_word' id='word_1_52' title='bbox 1123 961 1204 1020; x_wconf 80' lang='lat' dir='ltr'><strong>vide</strong></span> 
     </span>
     <span class='ocr_line' id='line_1_8' title="bbox 184 1054 1204 1135; baseline 0.001 -21"><span class='ocrx_word' id='word_1_53' title='bbox 184 1064 294 1132; x_wconf 90' lang='lat' dir='ltr'><strong>rentur,</strong></span> <span class='ocrx_word' id='word_1_54' title='bbox 306 1056 465 1131; x_wconf 85' lang='lat' dir='ltr'><strong>timuisse,”</strong></span> <span class='ocrx_word' id='word_1_55' title='bbox 478 1054 635 1133; x_wconf 75' lang='lat' dir='ltr'><strong>respondit,</strong></span> <span class='ocrx_word' id='word_1_56' title='bbox 650 1060 667 1091; x_wconf 87' lang='lat'><strong>“</strong></span> <span class='ocrx_word' id='word_1_57' title='bbox 676 1074 712 1117; x_wconf 89' lang='lat' dir='ltr'><strong>ns</strong></span> <span class='ocrx_word' id='word_1_58' title='bbox 720 1062 801 1133; x_wconf 89' lang='lat' dir='ltr'><strong>pater</strong></span> <span class='ocrx_word' id='word_1_59' title='bbox 815 1056 997 1135; x_wconf 72' lang='lat' dir='ltr'><strong>septuaginta</strong></span> <span class='ocrx_word' id='word_1_60' title='bbox 1005 1070 1089 1115; x_wconf 84' lang='lat' dir='ltr'><strong>natus</strong></span> <span class='ocrx_word' id='word_1_61' title='bbox 1098 1075 1204 1131; x_wconf 86' lang='lat' dir='ltr'><strong>annos,</strong></span> 
     </span>
     <span class='ocr_line' id='line_1_9' title="bbox 184 1150 1206 1229; baseline 0.001 -21"><span class='ocrx_word' id='word_1_62' title='bbox 184 1152 258 1209; x_wconf 84' lang='lat' dir='ltr'><strong>tanti</strong></span> <span class='ocrx_word' id='word_1_63' title='bbox 272 1152 417 1210; x_wconf 77' lang='lat' dir='ltr'><strong>exercitas</strong></span> <span class='ocrx_word' id='word_1_64' title='bbox 430 1151 500 1226; x_wconf 85' lang='lat' dir='ltr'><strong>dux,</strong></span> <span class='ocrx_word' id='word_1_65' title='bbox 514 1158 603 1211; x_wconf 72' lang='lat' dir='ltr'><strong>tantae</strong></span> <span class='ocrx_word' id='word_1_66' title='bbox 615 1150 744 1229; x_wconf 83' lang='lat' dir='ltr'><strong>pecunias</strong></span> <span class='ocrx_word' id='word_1_67' title='bbox 762 1158 870 1225; x_wconf 88' lang='lat' dir='ltr'><strong>custos,</strong></span> <span class='ocrx_word' id='word_1_68' title='bbox 885 1150 1001 1209; x_wconf 88' lang='lat' dir='ltr'><strong>interim</strong></span> <span class='ocrx_word' id='word_1_69' title='bbox 1020 1151 1206 1228; x_wconf 82' lang='lat' dir='ltr'><strong>extinguere·</strong></span> 
     </span>
     <span class='ocr_line' id='line_1_10' title="bbox 186 1243 1208 1323; baseline 0.001 -22"><span class='ocrx_word' id='word_1_70' title='bbox 186 1251 243 1318; x_wconf 90' lang='lat' dir='ltr'><strong>tnr,</strong></span> <span class='ocrx_word' id='word_1_71' title='bbox 257 1243 369 1323; x_wconf 79' lang='lat' dir='ltr'><strong>ipsique</strong></span> <span class='ocrx_word' id='word_1_72' title='bbox 382 1244 503 1321; x_wconf 82' lang='lat' dir='ltr'><strong>spoliato</strong></span> <span class='ocrx_word' id='word_1_73' title='bbox 516 1246 605 1303; x_wconf 86' lang='lat' dir='ltr'><strong>tantis</strong></span> <span class='ocrx_word' id='word_1_74' title='bbox 619 1244 737 1319; x_wconf 89' lang='lat' dir='ltr'><strong>viribus,</strong></span> <span class='ocrx_word' id='word_1_75' title='bbox 752 1244 898 1303; x_wconf 89' lang='lat' dir='ltr'><strong>occidendi</strong></span> <span class='ocrx_word' id='word_1_76' title='bbox 907 1244 998 1323; x_wconf 89' lang='lat' dir='ltr'><strong>Regis</strong></span> <span class='ocrx_word' id='word_1_77' title='bbox 1012 1244 1031 1273; x_wconf 81' lang='lat'><strong>&#39;⁹</strong></span> <span class='ocrx_word' id='word_1_78' title='bbox 1044 1262 1131 1303; x_wconf 84' lang='lat' dir='ltr'><strong>causa</strong></span> <span class='ocrx_word' id='word_1_79' title='bbox 1145 1264 1208 1304; x_wconf 91' lang='lat' dir='ltr'><strong>non</strong></span> 
     </span>
     <span class='ocr_line' id='line_1_11' title="bbox 185 1337 1206 1417; baseline 0.002 -22"><span class='ocrx_word' id='word_1_80' title='bbox 185 1344 272 1397; x_wconf 87' lang='lat' dir='ltr'><strong>esset.</strong></span> <span class='ocrx_word' id='word_1_81' title='bbox 293 1337 460 1397; x_wconf 76' lang='lat' dir='ltr'><strong>Festinasse</strong></span> <span class='ocrx_word' id='word_1_82' title='bbox 473 1341 542 1417; x_wconf 83' lang='lat' dir='ltr'><strong>ergd</strong></span> <span class='ocrx_word' id='word_1_83' title='bbox 556 1357 596 1413; x_wconf 90' lang='lat' dir='ltr'><strong>se,</strong></span> <span class='ocrx_word' id='word_1_84' title='bbox 611 1338 683 1398; x_wconf 80' lang='lat' dir='ltr'><strong>ditm</strong></span> <span class='ocrx_word' id='word_1_85' title='bbox 696 1339 846 1417; x_wconf 74' lang='lat' dir='ltr'><strong>praemium</strong></span> <span class='ocrx_word' id='word_1_86' title='bbox 865 1339 985 1400; x_wconf 87' lang='lat' dir='ltr'><strong>haberet</strong></span> <span class='ocrx_word' id='word_1_87' title='bbox 1006 1338 1037 1397; x_wconf 91' lang='lat' dir='ltr'><strong>in</strong></span> <span class='ocrx_word' id='word_1_88' title='bbox 1057 1339 1206 1415; x_wconf 89' lang='lat' dir='ltr'><strong>manibus,</strong></span> 
     </span>
     <span class='ocr_line' id='line_1_12' title="bbox 188 1432 1208 1511; baseline 0.003 -22"><span class='ocrx_word' id='word_1_89' title='bbox 188 1437 395 1508; x_wconf 83' lang='lat' dir='ltr'><strong>repraesentare</strong></span> <span class='ocrx_word' id='word_1_90' title='bbox 408 1432 567 1507; x_wconf 89' lang='lat' dir='ltr'><strong>consilium,</strong></span> <span class='ocrx_word' id='word_1_91' title='bbox 581 1434 666 1509; x_wconf 88' lang='lat' dir='ltr'><strong>eujus</strong></span> <span class='ocrx_word' id='word_1_92' title='bbox 678 1439 789 1510; x_wconf 85' lang='lat' dir='ltr'><strong>petrem</strong></span> <span class='ocrx_word' id='word_1_93' title='bbox 803 1440 949 1511; x_wconf 87' lang='lat' dir='ltr'><strong>expertem</strong></span> <span class='ocrx_word' id='word_1_94' title='bbox 962 1432 1051 1491; x_wconf 73' lang='lat' dir='ltr'><strong>finisse</strong></span> <span class='ocrx_word' id='word_1_95' title='bbox 1070 1433 1127 1491; x_wconf 89' lang='lat' dir='ltr'><strong>nisi</strong></span> <span class='ocrx_word' id='word_1_96' title='bbox 1143 1453 1208 1492; x_wconf 88' lang='lat' dir='ltr'><strong>ere·</strong></span> 
     </span>
     <span class='ocr_line' id='line_1_13' title="bbox 185 1522 1208 1605; baseline 0.004 -22"><span class='ocrx_word' id='word_1_97' title='bbox 185 1522 294 1598; x_wconf 89' lang='lat' dir='ltr'><strong>derent,</strong></span> <span class='ocrx_word' id='word_1_98' title='bbox 316 1532 467 1602; x_wconf 85' lang='lat' dir='ltr'><strong>tormenta,</strong></span> <span class='ocrx_word' id='word_1_99' title='bbox 488 1546 651 1605; x_wconf 76' lang='lat' dir='ltr'><strong>quenquam</strong></span> <span class='ocrx_word' id='word_1_100' title='bbox 673 1527 795 1586; x_wconf 87' lang='lat' dir='ltr'><strong>tolerare</strong></span> <span class='ocrx_word' id='word_1_101' title='bbox 816 1546 873 1586; x_wconf 90' lang='lat' dir='ltr'><strong>non</strong></span> <span class='ocrx_word' id='word_1_102' title='bbox 893 1534 998 1605; x_wconf 88' lang='lat' dir='ltr'><strong>posset,</strong></span> <span class='ocrx_word' id='word_1_103' title='bbox 1017 1534 1113 1587; x_wconf 89' lang='lat' dir='ltr'><strong>tamen</strong></span> <span class='ocrx_word' id='word_1_104' title='bbox 1144 1548 1208 1587; x_wconf 90' lang='lat' dir='ltr'><strong>non</strong></span> 
     </span>
     <span class='ocr_line' id='line_1_14' title="bbox 184 1618 1207 1700; baseline 0.004 -23"><span class='ocrx_word' id='word_1_105' title='bbox 184 1619 341 1678; x_wconf 85' lang='lat' dir='ltr'><strong>recusars.&#39;’</strong></span> <span class='ocrx_word' id='word_1_106' title='bbox 382 1618 434 1677; x_wconf 91' lang='lat' dir='ltr'><strong>Illi</strong></span> <span class='ocrx_word' id='word_1_107' title='bbox 447 1620 593 1696; x_wconf 88' lang='lat' dir='ltr'><strong>collocuti,</strong></span> <span class='ocrx_word' id='word_1_108' title='bbox 608 1622 679 1680; x_wconf 88' lang='lat' dir='ltr'><strong>satis</strong></span> <span class='ocrx_word' id='word_1_109' title='bbox 692 1621 844 1700; x_wconf 86' lang='lat' dir='ltr'><strong>quaesitum</strong></span> <span class='ocrx_word' id='word_1_110' title='bbox 858 1620 958 1697; x_wconf 89' lang='lat' dir='ltr'><strong>videri,</strong></span> <span class='ocrx_word' id='word_1_111' title='bbox 973 1622 1010 1680; x_wconf 90' lang='lat' dir='ltr'><strong>ad</strong></span> <span class='ocrx_word' id='word_1_112' title='bbox 1031 1623 1146 1700; x_wconf 86' lang='lat' dir='ltr'><strong>Regem</strong></span> <span class='ocrx_word' id='word_1_113' title='bbox 1160 1642 1207 1681; x_wconf 78' lang='lat' dir='ltr'><strong>re</strong></span> 
     </span>
     <span class='ocr_line' id='line_1_15' title="bbox 185 1701 1206 1795; baseline 0.002 -22"><span class='ocrx_word' id='word_1_114' title='bbox 185 1720 345 1773; x_wconf 85' lang='lat' dir='ltr'><strong>vertuntur.</strong></span> <span class='ocrx_word' id='word_1_115' title='bbox 386 1712 454 1789; x_wconf 84' lang='lat' dir='ltr'><strong>Qui,</strong></span> <span class='ocrx_word' id='word_1_116' title='bbox 467 1721 583 1791; x_wconf 85' lang='lat' dir='ltr'><strong>postero</strong></span> <span class='ocrx_word' id='word_1_117' title='bbox 596 1715 652 1790; x_wconf 89' lang='lat' dir='ltr'><strong>die,</strong></span> <span class='ocrx_word' id='word_1_118' title='bbox 667 1722 696 1773; x_wconf 90' lang='lat' dir='ltr'><strong>et</strong></span> <span class='ocrx_word' id='word_1_119' title='bbox 716 1736 782 1795; x_wconf 85' lang='lat' dir='ltr'><strong>quse</strong></span> <span class='ocrx_word' id='word_1_120' title='bbox 802 1716 948 1775; x_wconf 78' lang='lat' dir='ltr'><strong>consessus</strong></span> <span class='ocrx_word' id='word_1_121' title='bbox 967 1723 1032 1775; x_wconf 88' lang='lat' dir='ltr'><strong>erat</strong></span> <span class='ocrx_word' id='word_1_122' title='bbox 1054 1701 1206 1793; x_wconf 81' lang='lat' dir='ltr'><strong>Philotas,</strong></span> 
     </span>
     <span class='ocr_line' id='line_1_16' title="bbox 185 1809 1205 1889; baseline 0.005 -22"><span class='ocrx_word' id='word_1_123' title='bbox 185 1809 319 1886; x_wconf 88' lang='lat' dir='ltr'><strong>recitari;</strong></span> <span class='ocrx_word' id='word_1_124' title='bbox 341 1816 371 1868; x_wconf 91' lang='lat' dir='ltr'><strong>et</strong></span> <span class='ocrx_word' id='word_1_125' title='bbox 394 1810 495 1887; x_wconf 88' lang='lat' dir='ltr'><strong>ipsum,</strong></span> <span class='ocrx_word' id='word_1_126' title='bbox 516 1810 584 1887; x_wconf 89' lang='lat' dir='ltr'><strong>qnia</strong></span> <span class='ocrx_word' id='word_1_127' title='bbox 596 1811 616 1839; x_wconf 86' lang='lat'><strong>’¹</strong></span> <span class='ocrx_word' id='word_1_128' title='bbox 628 1810 743 1889; x_wconf 86' lang='lat' dir='ltr'><strong>ingredi</strong></span> <span class='ocrx_word' id='word_1_129' title='bbox 763 1829 820 1868; x_wconf 90' lang='lat' dir='ltr'><strong>non</strong></span> <span class='ocrx_word' id='word_1_130' title='bbox 842 1816 964 1887; x_wconf 89' lang='lat' dir='ltr'><strong>poterat,</strong></span> <span class='ocrx_word' id='word_1_131' title='bbox 983 1810 1072 1887; x_wconf 87' lang='lat' dir='ltr'><strong>jussit</strong></span> <span class='ocrx_word' id='word_1_132' title='bbox 1092 1811 1205 1872; x_wconf 81' lang='lat' dir='ltr'><strong>afferri</strong></span> 
     </span>
     <span class='ocr_line' id='line_1_17' title="bbox 187 1904 1276 1984; baseline 0.001 -18"><span class='ocrx_word' id='word_1_133' title='bbox 187 1904 294 1967; x_wconf 85' lang='lat' dir='ltr'><strong>Omnia</strong></span> <span class='ocrx_word' id='word_1_134' title='bbox 307 1911 476 1984; x_wconf 77' lang='lat' dir='ltr'><strong>agnoscente</strong></span> <span class='ocrx_word' id='word_1_135' title='bbox 488 1924 531 1979; x_wconf 91' lang='lat' dir='ltr'><strong>eo,</strong></span> <span class='ocrx_word' id='word_1_136' title='bbox 545 1904 719 1981; x_wconf 87' lang='lat' dir='ltr'><strong>Demetrius,</strong></span> <span class='ocrx_word' id='word_1_137' title='bbox 734 1905 784 1983; x_wconf 89' lang='lat' dir='ltr'><strong>qui</strong></span> <span class='ocrx_word' id='word_1_138' title='bbox 794 1904 918 1982; x_wconf 86' lang='lat' dir='ltr'><strong>proximi</strong></span> <span class='ocrx_word' id='word_1_139' title='bbox 931 1904 1046 1981; x_wconf 78' lang='lat' dir='ltr'><strong>sceleris</strong></span> <span class='ocrx_word' id='word_1_140' title='bbox 1055 1905 1207 1984; x_wconf 75' lang='lat' dir='ltr'><strong>particeps</strong></span> <span class='ocrx_word' id='word_1_141' title='bbox 1275 1940 1276 1945; x_wconf 18' lang='grc' dir='ltr'><strong>κ</strong></span> 
     </span>
     <span class='ocr_line' id='line_1_18' title="bbox 185 1996 1276 2078; baseline 0.002 -21"><span class='ocrx_word' id='word_1_142' title='bbox 185 2018 250 2058; x_wconf 87' lang='lat' dir='ltr'><strong>esse</strong></span> <span class='ocrx_word' id='word_1_143' title='bbox 262 2000 445 2078; x_wconf 72' lang='lat' dir='ltr'><strong>arguebatur,</strong></span> <span class='ocrx_word' id='word_1_144' title='bbox 459 1998 646 2076; x_wconf 78' lang='lat' dir='ltr'><strong>producitur:</strong></span> <span class='ocrx_word' id='word_1_145' title='bbox 660 2000 754 2058; x_wconf 78' lang='lat' dir='ltr'><strong>multa</strong></span> <span class='ocrx_word' id='word_1_146' title='bbox 764 1999 959 2074; x_wconf 87' lang='lat' dir='ltr'><strong>affirmatione,</strong></span> <span class='ocrx_word' id='word_1_147' title='bbox 969 1998 1114 2078; x_wconf 85' lang='lat' dir='ltr'><strong>animique</strong></span> <span class='ocrx_word' id='word_1_148' title='bbox 1124 2002 1207 2077; x_wconf 86' lang='lat' dir='ltr'><strong>pari·</strong></span> <span class='ocrx_word' id='word_1_149' title='bbox 1275 1996 1276 2069; x_wconf 42' lang='grc' dir='ltr'>ζ</span> 
     </span>
     <span class='ocr_line' id='line_1_19' title="bbox 186 2092 1206 2173; baseline 0 -20"><span class='ocrx_word' id='word_1_150' title='bbox 186 2100 230 2153; x_wconf 91' lang='lat' dir='ltr'><strong>ter</strong></span> <span class='ocrx_word' id='word_1_151' title='bbox 253 2095 422 2169; x_wconf 75' lang='lat' dir='ltr'><strong>constantia,</strong></span> <span class='ocrx_word' id='word_1_152' title='bbox 446 2101 477 2152; x_wconf 91' lang='lat' dir='ltr'><strong>et</strong></span> <span class='ocrx_word' id='word_1_153' title='bbox 500 2093 602 2153; x_wconf 79' lang='lat' dir='ltr'><strong>vultus</strong></span> <span class='ocrx_word' id='word_1_154' title='bbox 622 2093 757 2169; x_wconf 89' lang='lat' dir='ltr'><strong>abnuens,</strong></span> <span class='ocrx_word' id='word_1_155' title='bbox 781 2093 936 2173; x_wconf 86' lang='lat' dir='ltr'><strong>quidquam</strong></span> <span class='ocrx_word' id='word_1_156' title='bbox 959 2092 1014 2154; x_wconf 91' lang='lat' dir='ltr'><strong>sibi</strong></span> <span class='ocrx_word' id='word_1_157' title='bbox 1033 2093 1063 2152; x_wconf 90' lang='lat' dir='ltr'><strong>in</strong></span> <span class='ocrx_word' id='word_1_158' title='bbox 1087 2094 1206 2172; x_wconf 83' lang='lat' dir='ltr'><strong>Regem</strong></span> 
     </span>
     <span class='ocr_line' id='line_1_20' title="bbox 186 2186 1275 2268; baseline 0.001 -21"><span class='ocrx_word' id='word_1_159' title='bbox 186 2188 342 2268; x_wconf 87' lang='lat' dir='ltr'><strong>cogitatum</strong></span> <span class='ocrx_word' id='word_1_160' title='bbox 353 2209 425 2263; x_wconf 90' lang='lat' dir='ltr'><strong>esse,</strong></span> <span class='ocrx_word' id='word_1_161' title='bbox 437 2195 580 2248; x_wconf 89' lang='lat' dir='ltr'><strong>tormenta</strong></span> <span class='ocrx_word' id='word_1_162' title='bbox 589 2187 677 2247; x_wconf 90' lang='lat' dir='ltr'><strong>etiam</strong></span> <span class='ocrx_word' id='word_1_163' title='bbox 689 2187 898 2266; x_wconf 88' lang='lat' dir='ltr'><strong>deposcebatin</strong></span> <span class='ocrx_word' id='word_1_164' title='bbox 908 2186 1101 2264; x_wconf 86' lang='lat' dir='ltr'><strong>semetipsum.</strong></span> <span class='ocrx_word' id='word_1_165' title='bbox 1123 2187 1206 2248; x_wconf 78' lang='lat' dir='ltr'><strong>Tum</strong></span> <span class='ocrx_word' id='word_1_166' title='bbox 1274 2209 1275 2212; x_wconf 45' lang='lat'>¹</span> 
     </span>
     <span class='ocr_line' id='line_1_21' title="bbox 185 2279 1275 2360; baseline -0.001 -17"><span class='ocrx_word' id='word_1_167' title='bbox 185 2282 330 2357; x_wconf 87' lang='lat' dir='ltr'><strong>Philotas,</strong></span> <span class='ocrx_word' id='word_1_168' title='bbox 338 2282 513 2342; x_wconf 89' lang='lat' dir='ltr'><strong>circumlatis</strong></span> <span class='ocrx_word' id='word_1_169' title='bbox 526 2281 625 2359; x_wconf 88' lang='lat' dir='ltr'><strong>oculis,</strong></span> <span class='ocrx_word' id='word_1_170' title='bbox 638 2283 659 2310; x_wconf 85' lang='lat'><strong>¹¹</strong></span> <span class='ocrx_word' id='word_1_171' title='bbox 669 2283 798 2342; x_wconf 87' lang='lat' dir='ltr'><strong>incidens</strong></span> <span class='ocrx_word' id='word_1_172' title='bbox 808 2283 838 2340; x_wconf 89' lang='lat' dir='ltr'><strong>in</strong></span> <span class='ocrx_word' id='word_1_173' title='bbox 854 2281 949 2343; x_wconf 81' lang='lat' dir='ltr'><strong>Galim</strong></span> <span class='ocrx_word' id='word_1_174' title='bbox 958 2281 1110 2360; x_wconf 88' lang='lat' dir='ltr'><strong>quemdam</strong></span> <span class='ocrx_word' id='word_1_175' title='bbox 1121 2281 1204 2342; x_wconf 89' lang='lat' dir='ltr'><strong>haud</strong></span> <span class='ocrx_word' id='word_1_176' title='bbox 1274 2279 1275 2306; x_wconf 49' lang='lat' dir='ltr'><strong>l</strong></span> 
     </span>
     <span class='ocr_line' id='line_1_22' title="bbox 185 2376 1275 2456; baseline 0.001 -20"><span class='ocrx_word' id='word_1_177' title='bbox 185 2377 285 2456; x_wconf 89' lang='lat' dir='ltr'><strong>procul</strong></span> <span class='ocrx_word' id='word_1_178' title='bbox 297 2384 429 2452; x_wconf 85' lang='lat' dir='ltr'><strong>stantem,</strong></span> <span class='ocrx_word' id='word_1_179' title='bbox 443 2377 564 2456; x_wconf 81' lang='lat' dir='ltr'><strong>propius</strong></span> <span class='ocrx_word' id='word_1_180' title='bbox 576 2397 641 2437; x_wconf 91' lang='lat' dir='ltr'><strong>eum</strong></span> <span class='ocrx_word' id='word_1_181' title='bbox 658 2377 747 2454; x_wconf 89' lang='lat' dir='ltr'><strong>jussit</strong></span> <span class='ocrx_word' id='word_1_182' title='bbox 760 2377 901 2439; x_wconf 85' lang='lat' dir='ltr'><strong>accedere.</strong></span> <span class='ocrx_word' id='word_1_183' title='bbox 943 2376 1001 2436; x_wconf 90' lang='lat' dir='ltr'><strong>Illo</strong></span> <span class='ocrx_word' id='word_1_184' title='bbox 1020 2377 1202 2454; x_wconf 86' lang='lat' dir='ltr'><strong>perturbato,</strong></span> <span class='ocrx_word' id='word_1_185' title='bbox 1274 2381 1275 2424; x_wconf 69' lang='lat'>1</span> 
     </span>
     <span class='ocr_line' id='line_1_23' title="bbox 186 2469 1203 2550; baseline -0.002 -18"><span class='ocrx_word' id='word_1_186' title='bbox 186 2479 216 2532; x_wconf 92' lang='lat' dir='ltr'><strong>et</strong></span> <span class='ocrx_word' id='word_1_187' title='bbox 229 2478 379 2530; x_wconf 75' lang='lat' dir='ltr'><strong>roeusaute</strong></span> <span class='ocrx_word' id='word_1_188' title='bbox 392 2472 514 2531; x_wconf 72' lang='lat' dir='ltr'><strong>mansne</strong></span> <span class='ocrx_word' id='word_1_189' title='bbox 527 2471 565 2530; x_wconf 89' lang='lat' dir='ltr'><strong>ad</strong></span> <span class='ocrx_word' id='word_1_190' title='bbox 584 2491 660 2546; x_wconf 90' lang='lat' dir='ltr'><strong>eum,</strong></span> <span class='ocrx_word' id='word_1_191' title='bbox 676 2475 693 2506; x_wconf 89' lang='lat'><strong>“</strong></span> <span class='ocrx_word' id='word_1_192' title='bbox 703 2470 858 2548; x_wconf 87' lang='lat' dir='ltr'><strong>Patieris,&#39;’</strong></span> <span class='ocrx_word' id='word_1_193' title='bbox 872 2471 976 2550; x_wconf 87' lang='lat' dir='ltr'><strong>inquit,</strong></span> <span class='ocrx_word' id='word_1_194' title='bbox 990 2473 1008 2505; x_wconf 85' lang='lat'><strong>“</strong></span> <span class='ocrx_word' id='word_1_195' title='bbox 1019 2469 1203 2530; x_wconf 89' lang='lat' dir='ltr'><strong>Demetrium</strong></span> 
     </span>
     <span class='ocr_line' id='line_1_24' title="bbox 185 2565 1203 2645; baseline 0.001 -19"><span class='ocrx_word' id='word_1_196' title='bbox 185 2566 312 2641; x_wconf 90' lang='lat' dir='ltr'><strong>mentiri,</strong></span> <span class='ocrx_word' id='word_1_197' title='bbox 334 2571 489 2645; x_wconf 80' lang='lat' dir='ltr'><strong>rursusque</strong></span> <span class='ocrx_word' id='word_1_198' title='bbox 514 2585 561 2626; x_wconf 91' lang='lat' dir='ltr'><strong>me</strong></span> <span class='ocrx_word' id='word_1_199' title='bbox 586 2565 794 2626; x_wconf 86' lang='lat' dir='ltr'><strong>excruciari?”</strong></span> <span class='ocrx_word' id='word_1_200' title='bbox 836 2566 922 2627; x_wconf 75' lang='lat' dir='ltr'><strong>(ialin</strong></span> <span class='ocrx_word' id='word_1_201' title='bbox 944 2585 1000 2628; x_wconf 81' lang='lat' dir='ltr'><strong>vox</strong></span> <span class='ocrx_word' id='word_1_202' title='bbox 1026 2566 1203 2645; x_wconf 84' lang='lat' dir='ltr'><strong>sanguisque</strong></span> 
     </span>
     <span class='ocr_line' id='line_1_25' title="bbox 186 2660 1274 2740; baseline -0.003 -18"><span class='ocrx_word' id='word_1_203' title='bbox 186 2661 357 2737; x_wconf 83' lang='lat' dir='ltr'><strong>defecerant,</strong></span> <span class='ocrx_word' id='word_1_204' title='bbox 382 2668 412 2720; x_wconf 90' lang='lat' dir='ltr'><strong>et</strong></span> <span class='ocrx_word' id='word_1_205' title='bbox 433 2661 605 2720; x_wconf 86' lang='lat' dir='ltr'><strong>Macedones</strong></span> <span class='ocrx_word' id='word_1_206' title='bbox 626 2660 773 2721; x_wconf 90' lang='lat' dir='ltr'><strong>Philotam</strong></span> <span class='ocrx_word' id='word_1_207' title='bbox 796 2660 945 2740; x_wconf 90' lang='lat' dir='ltr'><strong>inquinare</strong></span> <span class='ocrx_word' id='word_1_208' title='bbox 969 2661 1101 2720; x_wconf 87' lang='lat' dir='ltr'><strong>innoxios</strong></span> <span class='ocrx_word' id='word_1_209' title='bbox 1124 2662 1201 2722; x_wconf 80' lang='lat' dir='ltr'><strong>velle</strong></span> <span class='ocrx_word' id='word_1_210' title='bbox 1273 2677 1274 2700; x_wconf 63' lang='lat'>¹</span> 
     </span>
     <span class='ocr_line' id='line_1_26' title="bbox 186 2755 1199 2836; baseline -0.007 -16"><span class='ocrx_word' id='word_1_211' title='bbox 186 2757 419 2836; x_wconf 76' lang='lat' dir='ltr'><strong>suspicabantur3</strong></span> <span class='ocrx_word' id='word_1_212' title='bbox 447 2755 515 2835; x_wconf 91' lang='lat' dir='ltr'><strong>quia</strong></span> <span class='ocrx_word' id='word_1_213' title='bbox 535 2775 588 2814; x_wconf 91' lang='lat' dir='ltr'><strong>neo</strong></span> <span class='ocrx_word' id='word_1_214' title='bbox 609 2774 627 2813; x_wconf 91' lang='lat' dir='ltr'><strong>a</strong></span> <span class='ocrx_word' id='word_1_215' title='bbox 648 2755 836 2832; x_wconf 88' lang='lat' dir='ltr'><strong>Nicomach0,</strong></span> <span class='ocrx_word' id='word_1_216' title='bbox 856 2775 908 2814; x_wconf 89' lang='lat' dir='ltr'><strong>nec</strong></span> <span class='ocrx_word' id='word_1_217' title='bbox 926 2755 963 2816; x_wconf 90' lang='lat' dir='ltr'><strong>ab</strong></span> <span class='ocrx_word' id='word_1_218' title='bbox 985 2755 1047 2832; x_wconf 91' lang='lat' dir='ltr'><strong>ipso</strong></span> <span class='ocrx_word' id='word_1_219' title='bbox 1068 2755 1199 2831; x_wconf 77' lang='lat' dir='ltr'><strong>Philota,</strong></span> 
     </span>
     <span class='ocr_line' id='line_1_27' title="bbox 185 2849 1200 2934; baseline -0.004 -20"><span class='ocrx_word' id='word_1_220' title='bbox 185 2857 253 2914; x_wconf 82' lang='lat' dir='ltr'><strong>edm</strong></span> <span class='ocrx_word' id='word_1_221' title='bbox 266 2860 456 2934; x_wconf 86' lang='lat' dir='ltr'><strong>torqueretur,</strong></span> <span class='ocrx_word' id='word_1_222' title='bbox 470 2850 633 2911; x_wconf 87' lang='lat' dir='ltr'><strong>nominatus</strong></span> <span class='ocrx_word' id='word_1_223' title='bbox 653 2857 728 2910; x_wconf 87' lang='lat' dir='ltr'><strong>esset</strong></span> <span class='ocrx_word' id='word_1_224' title='bbox 748 2849 929 2910; x_wconf 87' lang='lat' dir='ltr'><strong>adolescens:</strong></span> <span class='ocrx_word' id='word_1_225' title='bbox 949 2851 1000 2930; x_wconf 88' lang='lat' dir='ltr'><strong>qui</strong></span> <span class='ocrx_word' id='word_1_226' title='bbox 1020 2856 1054 2908; x_wconf 89' lang='lat' dir='ltr'><strong>ut</strong></span> <span class='ocrx_word' id='word_1_227' title='bbox 1075 2850 1200 2912; x_wconf 77' lang='lat' dir='ltr'><strong>Preciae</strong></span> 
     </span>
     <span class='ocr_line' id='line_1_28' title="bbox 185 2944 1201 3028; baseline -0.002 -19"><span class='ocrx_word' id='word_1_228' title='bbox 185 2958 233 3009; x_wconf 88' lang='lat' dir='ltr'><strong>tos</strong></span> <span class='ocrx_word' id='word_1_229' title='bbox 245 2949 336 3028; x_wconf 90' lang='lat' dir='ltr'><strong>Regis</strong></span> <span class='ocrx_word' id='word_1_230' title='bbox 349 2947 568 3006; x_wconf 77' lang='lat' dir='ltr'><strong>circumstantes</strong></span> <span class='ocrx_word' id='word_1_231' title='bbox 594 2965 625 3005; x_wconf 92' lang='lat' dir='ltr'><strong>se</strong></span> <span class='ocrx_word' id='word_1_232' title='bbox 637 2945 722 3021; x_wconf 82' lang='lat' dir='ltr'><strong>uidit,</strong></span> <span class='ocrx_word' id='word_1_233' title='bbox 736 2944 914 3005; x_wconf 87' lang='lat' dir='ltr'><strong>Demetrium</strong></span> <span class='ocrx_word' id='word_1_234' title='bbox 927 2953 956 3004; x_wconf 89' lang='lat' dir='ltr'><strong>et</strong></span> <span class='ocrx_word' id='word_1_235' title='bbox 969 2946 1155 3023; x_wconf 86' lang='lat' dir='ltr'><strong>semetipsum</strong></span> <span class='ocrx_word' id='word_1_236' title='bbox 1169 2946 1201 3007; x_wconf 86' lang='lat' dir='ltr'><strong>id</strong></span> 
     </span>
     <span class='ocr_line' id='line_1_29' title="bbox 185 3038 1200 3120; baseline 0.001 -20"><span class='ocrx_word' id='word_1_237' title='bbox 185 3043 297 3101; x_wconf 77' lang='lat' dir='ltr'><strong>facinus</strong></span> <span class='ocrx_word' id='word_1_238' title='bbox 319 3042 461 3120; x_wconf 75' lang='lat' dir='ltr'><strong>cogitasse</strong></span> <span class='ocrx_word' id='word_1_239' title='bbox 484 3042 633 3100; x_wconf 78' lang='lat' dir='ltr'><strong>confessus</strong></span> <span class='ocrx_word' id='word_1_240' title='bbox 656 3047 709 3100; x_wconf 88' lang='lat' dir='ltr'><strong>est.</strong></span> <span class='ocrx_word' id='word_1_241' title='bbox 752 3039 859 3102; x_wconf 86' lang='lat' dir='ltr'><strong>Omnes</strong></span> <span class='ocrx_word' id='word_1_242' title='bbox 887 3042 955 3119; x_wconf 80' lang='lat' dir='ltr'><strong>ergo</strong></span> <span class='ocrx_word' id='word_1_243' title='bbox 977 3061 995 3098; x_wconf 92' lang='lat' dir='ltr'><strong>a</strong></span> <span class='ocrx_word' id='word_1_244' title='bbox 1021 3038 1200 3102; x_wconf 77' lang='lat' dir='ltr'><strong>Nicomacho</strong></span> 
     </span>
     <span class='ocr_line' id='line_1_30' title="bbox 185 3134 1199 3216; baseline 0 -20"><span class='ocrx_word' id='word_1_245' title='bbox 185 3136 353 3209; x_wconf 84' lang='lat' dir='ltr'><strong>nominatos,</strong></span> <span class='ocrx_word' id='word_1_246' title='bbox 374 3153 453 3194; x_wconf 88' lang='lat' dir='ltr'><strong>more</strong></span> <span class='ocrx_word' id='word_1_247' title='bbox 470 3136 576 3214; x_wconf 85' lang='lat' dir='ltr'><strong>patrio,</strong></span> <span class='ocrx_word' id='word_1_248' title='bbox 589 3136 659 3195; x_wconf 87' lang='lat' dir='ltr'><strong>dato</strong></span> <span class='ocrx_word' id='word_1_249' title='bbox 680 3134 770 3214; x_wconf 90' lang='lat' dir='ltr'><strong>signo,</strong></span> <span class='ocrx_word' id='word_1_250' title='bbox 784 3135 863 3194; x_wconf 87' lang='lat' dir='ltr'><strong>saxis</strong></span> <span class='ocrx_word' id='word_1_251' title='bbox 883 3134 1047 3195; x_wconf 88' lang='lat' dir='ltr'><strong>obruerunt.</strong></span> <span class='ocrx_word' id='word_1_252' title='bbox 1089 3136 1199 3216; x_wconf 88' lang='lat' dir='ltr'><strong>Magno</strong></span> 
     </span>
     <span class='ocr_line' id='line_1_31' title="bbox 185 3229 1272 3307; baseline 0.001 -17"><span class='ocrx_word' id='word_1_253' title='bbox 185 3251 243 3290; x_wconf 92' lang='lat' dir='ltr'><strong>non</strong></span> <span class='ocrx_word' id='word_1_254' title='bbox 262 3229 348 3288; x_wconf 86' lang='lat' dir='ltr'><strong>modd</strong></span> <span class='ocrx_word' id='word_1_255' title='bbox 369 3229 480 3306; x_wconf 89' lang='lat' dir='ltr'><strong>salutis,</strong></span> <span class='ocrx_word' id='word_1_256' title='bbox 502 3231 662 3290; x_wconf 89' lang='lat' dir='ltr'><strong>sedetiam</strong></span> <span class='ocrx_word' id='word_1_257' title='bbox 684 3229 803 3291; x_wconf 80' lang='lat' dir='ltr'><strong>invidias</strong></span> <span class='ocrx_word' id='word_1_258' title='bbox 826 3229 953 3307; x_wconf 88' lang='lat' dir='ltr'><strong>periculo</strong></span> <span class='ocrx_word' id='word_1_259' title='bbox 973 3229 1114 3290; x_wconf 87' lang='lat' dir='ltr'><strong>liberatus</strong></span> <span class='ocrx_word' id='word_1_260' title='bbox 1136 3240 1200 3290; x_wconf 89' lang='lat' dir='ltr'><strong>erat</strong></span> <span class='ocrx_word' id='word_1_261' title='bbox 1271 3231 1272 3245; x_wconf 60' lang='lat'>¹</span> 
     </span>
     <span class='ocr_line' id='line_1_32' title="bbox 186 3322 1199 3402; baseline -0.003 -14"><span class='ocrx_word' id='word_1_262' title='bbox 186 3324 360 3388; x_wconf 83' lang='lat' dir='ltr'><strong>Alexander.</strong></span> <span class='ocrx_word' id='word_1_263' title='bbox 401 3323 515 3402; x_wconf 76' lang='lat' dir='ltr'><strong>Quippe</strong></span> <span class='ocrx_word' id='word_1_264' title='bbox 527 3324 680 3385; x_wconf 87' lang='lat' dir='ltr'><strong>Parmenio</strong></span> <span class='ocrx_word' id='word_1_265' title='bbox 700 3331 730 3383; x_wconf 91' lang='lat' dir='ltr'><strong>et</strong></span> <span class='ocrx_word' id='word_1_266' title='bbox 749 3322 892 3399; x_wconf 89' lang='lat' dir='ltr'><strong>Philotas,</strong></span> <span class='ocrx_word' id='word_1_267' title='bbox 906 3323 1049 3401; x_wconf 89' lang='lat' dir='ltr'><strong>principes</strong></span> <span class='ocrx_word' id='word_1_268' title='bbox 1063 3325 1084 3354; x_wconf 80' lang='lat'><strong>²¹</strong></span> <span class='ocrx_word' id='word_1_269' title='bbox 1093 3327 1199 3386; x_wconf 82' lang='lat' dir='ltr'><strong>amico</strong></span> 
     </span>
     <span class='ocr_line' id='line_1_33' title="bbox 185 3418 1200 3499; baseline -0.001 -17"><span class='ocrx_word' id='word_1_270' title='bbox 185 3443 259 3499; x_wconf 90' lang='lat' dir='ltr'><strong>rum,</strong></span> <span class='ocrx_word' id='word_1_271' title='bbox 272 3418 438 3497; x_wconf 79' lang='lat' dir='ltr'><strong>nisipaldm</strong></span> <span class='ocrx_word' id='word_1_272' title='bbox 451 3427 555 3494; x_wconf 90' lang='lat' dir='ltr'><strong>sontes,</strong></span> <span class='ocrx_word' id='word_1_273' title='bbox 569 3419 632 3478; x_wconf 90' lang='lat' dir='ltr'><strong>sine</strong></span> <span class='ocrx_word' id='word_1_274' title='bbox 645 3419 842 3499; x_wconf 89' lang='lat' dir='ltr'><strong>indignatione</strong></span> <span class='ocrx_word' id='word_1_275' title='bbox 863 3419 953 3478; x_wconf 89' lang='lat' dir='ltr'><strong>totius</strong></span> <span class='ocrx_word' id='word_1_276' title='bbox 973 3420 1121 3480; x_wconf 73' lang='lat' dir='ltr'><strong>exercitiis</strong></span> <span class='ocrx_word' id='word_1_277' title='bbox 1141 3440 1200 3480; x_wconf 90' lang='lat' dir='ltr'><strong>non</strong></span> 
     </span>
     <span class='ocr_line' id='line_1_34' title="bbox 186 3513 1199 3596; baseline -0.002 -19"><span class='ocrx_word' id='word_1_278' title='bbox 186 3517 347 3596; x_wconf 89' lang='lat' dir='ltr'><strong>potuissent</strong></span> <span class='ocrx_word' id='word_1_279' title='bbox 376 3514 513 3574; x_wconf 80' lang='lat' dir='ltr'><strong>damnari</strong></span> <span class='ocrx_word' id='word_1_280' title='bbox 563 3513 698 3592; x_wconf 76' lang='lat' dir='ltr'><strong>“Itaque</strong></span> <span class='ocrx_word' id='word_1_281' title='bbox 725 3533 826 3592; x_wconf 87' lang='lat' dir='ltr'><strong>anceps</strong></span> <span class='ocrx_word' id='word_1_282' title='bbox 855 3514 974 3592; x_wconf 83' lang='lat' dir='ltr'><strong>quaestio</strong></span> <span class='ocrx_word' id='word_1_283' title='bbox 1006 3513 1071 3574; x_wconf 91' lang='lat' dir='ltr'><strong>fuit.</strong></span> <span class='ocrx_word' id='word_1_284' title='bbox 1122 3514 1199 3576; x_wconf 79' lang='lat' dir='ltr'><strong>Dim</strong></span> 
     </span>
     <span class='ocr_line' id='line_1_35' title="bbox 188 3607 1200 3688; baseline -0.003 -17"><span class='ocrx_word' id='word_1_285' title='bbox 188 3612 330 3671; x_wconf 86' lang='lat' dir='ltr'><strong>inficiatus</strong></span> <span class='ocrx_word' id='word_1_286' title='bbox 343 3617 389 3670; x_wconf 92' lang='lat' dir='ltr'><strong>est</strong></span> <span class='ocrx_word' id='word_1_287' title='bbox 409 3609 531 3685; x_wconf 84' lang='lat' dir='ltr'><strong>facinus,</strong></span> <span class='ocrx_word' id='word_1_288' title='bbox 545 3608 701 3668; x_wconf 87' lang='lat' dir='ltr'><strong>crudeliter</strong></span> <span class='ocrx_word' id='word_1_289' title='bbox 722 3609 848 3687; x_wconf 87' lang='lat' dir='ltr'><strong>torqueri</strong></span> <span class='ocrx_word' id='word_1_290' title='bbox 861 3607 1029 3669; x_wconf 87' lang='lat' dir='ltr'><strong>videbatur:</strong></span> <span class='ocrx_word' id='word_1_291' title='bbox 1049 3617 1115 3688; x_wconf 87' lang='lat' dir='ltr'><strong>post</strong></span> <span class='ocrx_word' id='word_1_292' title='bbox 1135 3629 1200 3669; x_wconf 89' lang='lat' dir='ltr'><strong>con·</strong></span> 
     </span>
    </p>
   </div>
   <div class='ocr_carea' id='block_1_3' title="bbox 187 3703 1198 3794">
    <p class='ocr_par' dir='ltr' id='par_1_4' title="bbox 187 3703 1198 3794">
     <span class='ocr_line' id='line_1_36' title="bbox 187 3703 1198 3794; baseline 0 -28"><span class='ocrx_word' id='word_1_293' title='bbox 187 3707 346 3782; x_wconf 72' lang='lat' dir='ltr'><strong>sessionem,</strong></span> <span class='ocrx_word' id='word_1_294' title='bbox 360 3705 493 3766; x_wconf 88' lang='lat' dir='ltr'><strong>Philotas</strong></span> <span class='ocrx_word' id='word_1_295' title='bbox 505 3723 541 3763; x_wconf 89' lang='lat' dir='ltr'><strong>ne</strong></span> <span class='ocrx_word' id='word_1_296' title='bbox 554 3704 712 3763; x_wconf 90' lang='lat' dir='ltr'><strong>amicorum</strong></span> <span class='ocrx_word' id='word_1_297' title='bbox 721 3703 837 3782; x_wconf 89' lang='lat' dir='ltr'><strong>quidem</strong></span> <span class='ocrx_word' id='word_1_298' title='bbox 846 3703 1072 3794; x_wconf 85' lang='lat' dir='ltr'><strong>miscricordiam</strong></span> <span class='ocrx_word' id='word_1_299' title='bbox 1081 3705 1198 3766; x_wconf 83' lang='lat' dir='ltr'><strong>meruit</strong></span> 
     </span>
    </p>
   </div>
   <div class='ocr_carea' id='block_1_4' title="bbox 0 0 1300 4400">
    <p class='ocr_par' dir='ltr' id='par_1_5' title="bbox 0 0 1300 4400">
     <span class='ocr_line' id='line_1_37' title="bbox 0 0 1300 4400; baseline 0 0"><span class='ocrx_word' id='word_1_300' title='bbox 0 0 1300 4400; x_wconf 95' lang='lat' dir='ltr'><strong> </strong></span> 
     </span>
    </p>
   </div>
  </div>
 </body>
</html>
