2592 4400
198 396 254 453 142
307 404 312 413 ’
542 408 685 462 cururr
712 406 854 449 curru

193 549 264 611 bulo
277 548 365 627 regiae
377 548 484 627 prosto
498 547 566 609 siut
608 546 690 619 Quos
703 546 754 607 ubi
768 547 935 627 frequentes
948 546 1052 607 adesse
1066 546 1212 625 cognovit,

195 643 226 703 in
239 644 403 703 concionem
416 642 566 721 prooessit.
610 642 724 702 'Haud
736 641 823 701 dubie
838 662 874 701 ex
888 642 1048 719 composito
1064 642 1214 719 Apharias

194 738 342 818 postulare
368 738 464 815 caepit,
485 746 520 796 ut
545 737 703 815 Lyncestes
729 736 906 813 Alexander,
933 737 992 815 qui,
1021 738 1115 795 multo
1144 747 1214 795 ante

194 854 280 913 quam
306 832 448 908 Philotas,
469 833 582 911 Regem
605 832 748 893 voluisset
769 832 908 905 occidere,
930 832 1128 892 exhiberetur.
1186 834 1215 890 A

195 928 308 989 duobus
322 926 466 988 indicibus
480 927 568 1003 (sieut
590 928 680 1004 snpra
700 926 840 1004 diximus)
856 926 981 1001 delatus,
1005 928 1126 985 tertium
1150 930 1216 1004 jam

195 1043 303 1084 aunum
325 1022 544 1083 custodiebatur
564 1022 596 1081 iu
610 1020 741 1081 vinculis.
786 1020 930 1080 Eumdem
943 1021 974 1081 in
995 1021 1128 1099 Philippi
1143 1042 1216 1100 quo·

194 1138 251 1199 quc
277 1118 386 1179 credam
413 1120 582 1195 conjurtsse
607 1136 674 1175 curu
702 1115 859 1190 Pausauit,
887 1134 940 1194 pro
961 1102 1108 1195 comperto
1131 1118 1216 1176 fuit:

196 1214 248 1275 sed
269 1213 339 1294 qnia
358 1212 470 1291 primus
491 1211 692 1271 Alexandrum
716 1212 827 1291 Regem
855 1211 1043 1286 salutaverat,
1066 1212 1217 1289 supplicio

195 1309 288 1387 magis
310 1309 398 1387 quim
422 1307 535 1367 crimini
558 1307 655 1367 brerat
677 1315 837 1385 exemptus.
880 1306 956 1367 Tum
978 1326 1094 1386 quoque
1122 1308 1216 1365 Anti-

195 1404 272 1482 patri
286 1402 378 1461 soceri
392 1404 455 1479 ejus
468 1421 568 1479 preces
587 1403 698 1479 justam
713 1400 806 1481 Regis
821 1402 894 1460 iram
909 1402 1103 1461 morabantur.
1151 1402 1216 1465 Oae·

197 1500 295 1557 terrim
309 1496 460 1557 recruduit
473 1506 625 1575 soporatus
650 1496 747 1556 dolor:
769 1497 877 1575 quippe
890 1498 998 1555 veteris
1018 1497 1139 1576 periculi
1157 1519 1218 1557 me

196 1593 317 1653 moriam
331 1592 484 1670 praesentis
506 1612 576 1651 cura
596 1592 759 1652 renovabat.
813 1592 911 1671 Igitur
934 1592 1105 1652 Alexander
1119 1612 1134 1653 c
1150 1614 1217 1653 eus·

194 1688 277 1748 todit
303 1687 445 1762 educitur,
469 1690 626 1767 jussusque
655 1687 760 1762 dicere,
793 1707 966 1767 quamquam
993 1694 1056 1747 toto
1083 1689 1218 1749 triennio

194 1784 352 1843 meditatus
385 1789 449 1842 erat
482 1782 687 1856 defensionem,
721 1790 818 1840 tamen
845 1782 981 1841 haesitans
1009 1790 1039 1841 et
1067 1784 1217 1861 trepidus,

194 1899 286 1958 pauca
298 1898 336 1939 ex
349 1878 388 1937 iis
407 1898 474 1957 qnae
486 1884 694 1956 composuerat,
710 1876 853 1956 protulit:
874 1877 912 1937 ad
932 1877 1069 1937 ultimum
1082 1898 1140 1939 uon
1153 1901 1216 1940 me·

195 1976 286 2035 moria
312 1974 417 2050 scldm,
445 1973 496 2033 sed
523 1973 611 2031 etiam
639 1992 720 2031 meus
748 1992 814 2031 eum
839 1972 983 2031 destituit.
1040 1972 1128 2033 Nulli
1148 1984 1218 2035 erat

194 2070 316 2132 dubium
325 2070 396 2149 quin
409 2069 565 2147 trepidatio
578 2069 780 2129 ‘eonscientiae
791 2068 929 2129 iudicium
940 2074 1025 2144 esset,
1036 2088 1094 2129 nou
1105 2090 1217 2131 memo-

194 2167 247 2226 riae
267 2165 381 2226 vitium.
424 2164 529 2244 Itaque
549 2164 607 2222 ¹'ex
631 2164 668 2223 iis
689 2160 740 2243 qui
760 2163 892 2241 proxime
913 2162 1078 2240 astiterant,
1094 2164 1216 2227 ‘obluc-
1278 2174 1279 2189 ¹

96 2251 105 2264 ’
195 2268 305 2320 tantem
318 2259 413 2319 adhuc
426 2259 575 2333 oblivioni,
589 2258 698 2318 lanceis
713 2259 910 2320 confoderunt.

256 2359 283 2413 2.
310 2352 402 2431 Cujus
423 2373 543 2432 corpore
566 2354 691 2431 sublato,
707 2355 775 2414 Rex
787 2355 934 2414 introduci
944 2356 1034 2435 jussit
1048 2357 1216 2435 Amyntam

195 2456 225 2508 et
239 2447 412 2508 Simmiam·
439 2447 516 2506 Nam
531 2447 674 2509 Polemon
693 2449 829 2509 minimus
843 2470 879 2510 ex
892 2449 1042 2527 fratribus,
1057 2453 1126 2525 erim
1142 2453 1214 2512 Pbi·
1278 2457 1279 2530 l

195 2544 285 2603 lotam
308 2543 437 2622 torqueri
461 2545 658 2622 comperisset,
683 2546 859 2624 profugerat.
914 2543 1053 2605 Omnium
1081 2547 1214 2608 Philotae
1278 2531 1279 2534 Ἴ

195 2639 353 2699 amicorum
374 2639 407 2698 hi
428 2639 571 2698 carissimi
593 2640 716 2716 fuerant,
731 2641 768 2699 ad
789 2659 893 2718 magna
907 2648 937 2700 et
950 2641 1093 2701 honorata
1113 2643 1212 2702 minis·

195 2736 269 2794 teria
282 2735 361 2795 illius
375 2736 499 2817 maxime
511 2736 717 2816 suffragatione
728 2736 880 2814 producti:
896 2738 1125 2816 memineratque
1141 2739 1211 2798 Rex

195 2851 306 2892 summo
328 2831 424 2890 studio
446 2831 481 2890 ab
496 2851 530 2890 eo
552 2831 720 2890 conciliatos
741 2831 806 2890 sibi
851 2831 879 2890 N
883 2851 914 2890 ee
935 2831 1100 2908 dubitabat,
1121 2834 1211 2912 hujus
1278 2895 1279 2914 ,

192 2947 308 3007 quoque
336 2926 433 2985 ultimi
460 2926 574 2984 consilii
601 2926 692 2984 inisse
719 2926 883 3004 participes.
934 2925 1037 2987 'Olim
1065 2947 1128 2987 esse
1153 2928 1211 2988 eibi
1278 2925 1279 2988 ἶ

195 3027 345 3099 suspectos
372 3021 474 3078 matria
501 3040 562 3080 euae
588 3020 705 3095 litteris,
733 3021 838 3100 quibus
866 3028 943 3080 esset
971 3009 1148 3098 admonitus,
1177 3032 1211 3082 ut
1278 3091 1279 3100 ἦ

195 3115 232 3173 ab
253 3115 299 3172 his
321 3113 444 3171 salutem
468 3133 549 3173 suam
572 3122 720 3176 tueretur:
753 3116 912 3175 'oaeterrim
934 3135 965 3176 se
985 3117 1109 3177 invitum
1131 3119 1210 3178 dete
1278 3145 1279 3148 ¹

194 3208 271 3266 riora
297 3208 469 3282 credentem,
496 3228 573 3267 nunc
599 3211 763 3269 manifestis
790 3211 905 3269 indiciis
931 3212 1049 3284 victum,
1081 3215 1208 3289 jussisse
1278 3245 1279 3272 r

194 3302 307 3363 vinciri.
352 3301 429 3360 Nam
450 3303 546 3380 pridie
561 3305 650 3383 quiam
670 3304 856 3384 detegeretur
877 3304 1005 3366 Philotae
1019 3307 1123 3382 scelus,
1137 3310 1238 3395 quin,
1278 3303 1279 3306 '

172 3400 227 3469 ¹iu
251 3404 362 3457 secreto
384 3397 525 3474 cumipse
549 3399 682 3473 fuissent,
703 3419 762 3458 non
784 3419 869 3476 posse
894 3400 1030 3460 dubitari.
1072 3401 1210 3462 Fratrem
1278 3417 1279 3420 ’

195 3495 264 3555 verd
290 3493 340 3572 qui
364 3491 533 3570 profugerit,
554 3493 622 3550 edm
646 3492 683 3551 de
706 3493 826 3553 Philota
847 3503 1035 3574 quaereretur,
1061 3499 1210 3574 aperuisse
1278 3509 1279 3554 ὲ

194 3590 272 3666 fugae
292 3606 415 3646 caueam.
468 3587 570 3665 Nuper
590 3593 698 3665 praeter
725 3589 972 3664 consuetudinem,
994 3591 1080 3649 officii
1101 3594 1209 3670 specie,

194 3685 299 3754 amotis
313 3683 426 3760 longius
440 3683 562 3757 caeteris,
578 3683 740 3742 admovisse
755 3685 924 3760 semetipsos
949 3685 1032 3744 lateri
1047 3705 1109 3760 suc,
1123 3687 1210 3746 nullt

194 3777 339 3855 probabili
352 3780 468 3835 ›eauet2
501 3796 590 3855 seque
617 3778 768 3836 mirantem
790 3779 869 3858 qudd
892 3780 970 3838 ⁹nou
990 3780 1052 3840 vice
1077 3784 1132 3840 eut
1155 3782 1209 3842 tali
1278 3779 1279 3784 ἵ

193 3872 384 3948 iungerentur
407 3871 508 3944 officio,
528 3880 557 3930 et
577 3873 643 3950 ipat.
670 3873 863 3950 trepidatione
884 3891 984 3934 eorum
1010 3877 1208 3954 perterritum,
