2592 4400
177 427 238 486 224
518 438 658 491 curnrr
685 438 838 480 cuarrr.

177 582 343 661 cubiliaque
364 578 514 657 amplioris
526 578 636 654 formae,
652 578 766 652 ¹'quim
787 596 840 657 pro
859 588 1012 655 corporum
1032 576 1136 637 babitu
1151 598 1199 637 re·

177 676 280 756 linqui,
294 684 329 735 ut
350 676 475 753 speciem
489 675 618 734 omnium
639 682 767 754 angeret,
782 674 947 751 posteritati
960 674 1052 731 fallax
1072 674 1199 732 miracu·

177 772 238 831 lum
252 790 429 849 praeparans.
472 770 553 829 Hinc
567 777 702 847 repetens
722 788 788 848 quae
801 788 934 828 emensus
948 776 1019 843 erat,
1035 768 1071 827 ad
1084 769 1199 827 fiumen

177 868 335 927 Acesinem
349 867 426 925 locat
439 874 542 925 cestra
585 866 634 925 Ibi
648 865 726 924 forte
741 865 845 925 Ooenus
859 864 959 925 morbo
974 864 1123 923 extinctus
1138 852 1202 922 est.¹

179 961 272 1039 Cujus
286 971 378 1021 morte
392 961 533 1039 ingemuit
553 961 620 1019 Rex
639 959 757 1039 quidem
767 980 778 1040 3,
796 959 903 1036 adjecit
923 966 1028 1031 tamen,
1045 960 1064 987 ¹²
1072 967 1200 1037 propter
1277 1036 1280 1041 ι

177 1076 285 1135 paucos
306 1058 368 1115 dies
381 1056 497 1135 longam
511 1056 672 1115 orationem
696 1076 762 1114 eum
786 1074 931 1127 exorsum,
947 1055 1088 1132 tanqudm
1113 1054 1199 1111 solus
1290 1110 1291 1137 3

179 1151 380 1211 Macedoniam
393 1152 509 1212 visurus
528 1159 613 1210 esset.
656 1150 726 1209 Jam
740 1151 771 1209 in
782 1154 857 1229 aqud
871 1150 980 1223 classis,
995 1169 1082 1227 quam
1103 1151 1199 1209 aedifi·
1290 1146 1291 1197 ἒ

177 1248 237 1305 cari
249 1250 387 1324 jusserat,
402 1246 507 1306 stabat.
552 1246 636 1306 Inter
648 1246 711 1305 baec
726 1245 864 1305 Memnon
883 1265 920 1303 ex
935 1244 1060 1303 Thracis
1081 1244 1112 1301 in
1127 1264 1200 1323 sup-

177 1343 356 1419 plementum
379 1344 510 1421 equitum
534 1362 585 1402 sex
598 1343 701 1416 millia,
715 1350 821 1420 praeter
835 1360 883 1401 eos
905 1342 942 1401 ab
965 1340 1097 1417 Harpalo
1112 1342 1201 1418 pedi·

178 1445 241 1495 tum
255 1431 366 1515 septem
380 1438 473 1495 millia
486 1437 665 1514 adduxerat;
687 1456 821 1516 armaque
832 1437 937 1516 viginti
957 1437 1084 1516 quinque
1098 1436 1200 1496 millia

178 1551 249 1590 auro
271 1540 302 1590 et
323 1539 442 1610 argento
467 1532 570 1591 eaelata
591 1533 768 1611 pertulerat:
789 1533 872 1611 queis
896 1532 1070 1606 distributis,
1090 1539 1201 1593 vetera

178 1628 300 1687 cremari
311 1628 409 1704 jussit.
453 1628 472 1657 ¹⁸
482 1628 567 1687 Mille
587 1630 710 1707 navigiis
725 1628 856 1687 aditurus
872 1626 1028 1702 Oceanum,
1044 1628 1200 1689 discordes

179 1730 210 1782 ct
223 1731 323 1784 vetera
345 1724 412 1783 odia
434 1732 626 1784 retractantes
650 1725 758 1784 Porum
772 1732 802 1783 et
816 1724 958 1798 Taxilen,
973 1724 1068 1783 Indiae
1083 1724 1199 1802 Reges,

179 1820 294 1879 &matt
318 1840 371 1897 per
384 1821 552 1879 affinitatem
574 1822 680 1899 gratia,
693 1821 813 1901 reliquit
826 1821 856 1879 in
877 1821 938 1879 suis
958 1821 1064 1899 reguis,
1080 1840 1199 1881 summo

179 1915 210 1973 iu
223 1916 395 1975 aedificandi
410 1916 501 1975 classe
526 1915 674 1974 amborum
697 1915 794 1975 studio
818 1934 895 1974 usus.
941 1914 1057 1992 Oppida
1078 1936 1200 1995 quoque

84 2084 89 2093 ι
179 2010 238 2069 duo
260 2012 398 2085 condidit,
419 2032 541 2090 qnorum
570 2012 693 2070 alterum
721 2012 851 2070 Niccam
878 2010 1044 2088 appellavit,
1067 2011 1199 2071 alterum

181 2107 381 2183 Bucephalos,
396 2107 471 2184 equi,
485 2127 570 2185 quem
593 2107 738 2178 amiserat,
757 2106 903 2165 memoriae
925 2124 958 2165 ac
981 2107 1091 2165 nomini
1114 2106 1199 2166 dedi·

179 2221 247 2260 cens
260 2202 369 2262 urbem.
414 2202 586 2280 Elephantis
600 2203 705 2260 deinde
721 2209 751 2261 et
773 2201 987 2280 impedimentis
1009 2205 1088 2261 terri
1110 2205 1198 2282 sequi

185 2298 285 2374 jussis,
301 2298 426 2355 seeundo
450 2317 532 2355 amne
553 2298 685 2372 defluxit,
699 2298 892 2377 quadraginta
911 2297 1001 2356 ferme
1027 2297 1122 2356 stedia
1138 2301 1197 2358 sin·

179 2392 257 2470 gulis
279 2392 381 2451 diebus
403 2393 570 2468 procedens,
585 2401 619 2451 ut
643 2395 814 2471 opportunis
841 2393 913 2451 loeis
937 2393 1041 2471 exponi
1067 2393 1196 2454 subinde

181 2486 271 2563 copice
285 2494 409 2562 possent.
1044 2537 1046 2544 .

241 2579 298 2639 IV.
325 2581 368 2638 10.
392 2580 569 2638 Perventum
589 2589 652 2640 erat
673 2583 703 2641 in
728 2583 883 2660 regionem,
906 2583 936 2641 iu
956 2586 1015 2662 qut
1033 2582 1196 2661 Hydaspes
1290 2587 1291 2606 ¹

180 2675 273 2734 amuis
288 2674 408 2733 Acesini
422 2676 619 2734 committitur.
664 2677 743 2736 Hine
765 2678 894 2736 decurrit
916 2679 946 2735 in
956 2678 1012 2736 fine
1028 2677 1193 2738 Sobiorum.

182 2771 225 2829 Hi
249 2771 286 2829 de
308 2771 440 2829 exercitu
455 2771 594 2831 Herculia
616 2774 741 2848 majores
763 2791 831 2831 suos
855 2779 1089 2832 commemorant·
1098 2793 1195 2850 aegros

180 2867 300 2925 relictos
313 2866 424 2944 cepisse
438 2865 544 2941 sedem,
560 2868 660 2945 ¹quam
674 2867 730 2944 ipsi
744 2867 921 2929 obtinebant.
958 2867 1056 2926 Pelles
1065 2869 1195 2927 ferarum

181 2981 233 3038 pro
256 2969 347 3036 veste,
372 2962 462 3022 clavae
485 2961 545 3020 tela
570 2969 661 3020 eraut.
713 2962 872 3040 Multaque,
887 2963 974 3021 etiam
999 2964 1066 3021 crim
1094 2963 1194 3023 Graeci
1290 3033 1291 3048 ,

181 3074 278 3114 mores
312 3056 513 3130 exolevissent,
542 3057 664 3134 ¹stirpis
700 3057 892 3117 ostendebant
924 3058 1055 3136 vestigia.
1114 3059 1194 3117 Hine

181 3151 387 3209 ’exscensione
401 3153 487 3226 facts,
502 3151 626 3211 ducenta
639 3159 670 3210 et
691 3153 900 3232 qninquaginta
914 3154 1010 3212 stadia
1033 3155 1191 3231 processit;
1290 3149 1291 3220 ᾖ

183 3243 431 3322 depopulatusque
449 3247 605 3324 regionem,
619 3246 757 3326 oppidum
781 3256 868 3326 caput
893 3251 955 3325 ejus
979 3253 1085 3308 corona
1106 3249 1191 3326 cepit.

183 3339 384 3416 Quadraginta
395 3339 528 3417 peditum
542 3342 634 3400 millia
647 3361 718 3420 gens
732 3343 762 3400 in
774 3343 838 3420 ripe
849 3343 998 3401 fluminum
1009 3351 1193 3421 opposuerat,
1290 3367 1291 3370 ¹

181 3456 256 3515 quae,
272 3454 354 3493 amne
369 3444 512 3513 snperato,
527 3437 559 3495 in
571 3438 670 3516 fugam
685 3438 833 3515 compulit,
847 3438 1030 3518 inclusosque
1050 3439 1195 3498 moenibus
1290 3425 1291 3478 l

183 3539 338 3608 expugnat.
381 3531 512 3591 Puberes
536 3533 684 3593 interfecti
707 3541 783 3608 sunt,
799 3535 896 3594 caeteri
917 3536 1097 3595 *venierunt
1141 3534 1194 3594 Al·
1290 3607 1291 3612 ἵ

183 3633 274 3684 teram
297 3625 401 3685 deinde
421 3626 523 3685 urbem
546 3647 710 3706 expugnare
734 3629 863 3704 adortae,
879 3635 1038 3708 magnique
1053 3632 1082 3688 vi
1098 3633 1195 3690 defen·
1290 3693 1291 3702 ,

185 3721 316 3779 dentium
329 3721 439 3798 pulsus,
454 3722 561 3780 multos
582 3722 773 3781 Macedonum
787 3723 900 3782 amisit:
923 3724 1055 3783 sederim
1076 3727 1106 3784 in
1122 3729 1195 3787 obsi-

184 3815 271 3874 dione
294 3820 518 3893 persevertaset,
539 3816 686 3894 oppidani,
707 3817 860 3895 desperata
883 3819 985 3892 salute,
1009 3820 1104 3898 ignem
1129 3825 1195 3884 sub-

189 3909 289 3985 jecere
312 3911 419 3969 tectis·
449 3930 481 3970 se
504 3930 618 3990 quoque
645 3931 678 3970 ac
705 3911 811 3972 liberos
839 3917 1032 3994 conjugesque
1060 3916 1196 3979 incendio
1246 3971 1251 3980 .
1290 3947 1291 3982 ἕ
