2592 4400
400 391 521 432 nisan
552 393 604 434 ιν.
636 393 809 434 (ιη-ιι.
889 396 894 415 ι
1069 379 1109 438 6³

388 449 489 534 'llius

93 533 252 592 admonere
274 539 380 610 potest,
394 531 509 591 ⁸minus
527 533 588 609 jam
610 531 815 593 misericordias
829 541 889 594 tura
908 535 1004 609 licere,
1018 536 1109 613 qudnr

92 627 211 686 licuit.’'

158 725 204 781 44.
227 721 406 800 Alexander,
427 721 531 799 legatis
553 721 693 780 excedere
714 723 898 782 tabernaculo
917 723 1017 801 jussis,
1037 724 1110 804 quid

92 816 233 895 placeret,
247 817 284 876 ad
299 817 454 875 consilium
467 816 566 874 refert.
609 816 672 875 Dia
685 836 778 892 nemo,
791 818 863 896 quid
876 819 1006 893 sentiret,
1020 837 1109 878 ausus
1194 826 1197 846 ¹

93 919 144 970 est
161 912 274 990 dicere,
303 912 415 970 incerti
441 910 535 988 Regis
562 911 721 970 voluntate.
778 913 908 972 Eandem
936 910 1209 1001 Parmeniofflf
1220 919 1245 964 V

94 1008 206 1065 “Ante
230 1007 410 1080 suasissem,”
431 1007 483 1080 ait,
505 1010 566 1064 “nt
586 1007 717 1084 captivos
741 1007 817 1084 apud
839 1007 1012 1067 Damascum
1035 1009 1108 1067 redi·

94 1102 243 1162 mentibus
257 1102 407 1161 redderes:
430 1101 576 1180 ingentem
590 1102 742 1179 pecuniam
757 1103 888 1179 potuisse
901 1103 996 1181 redigi
1011 1124 1048 1162 ex
1061 1102 1109 1178 iia,

94 1197 148 1277 qui
161 1197 247 1255 multi
259 1197 350 1256 vincti
363 1197 489 1256 virorum
503 1197 622 1255 fortium
636 1205 813 1275 occuparent
825 1217 935 1256 manus.
978 1197 1021 1256 Et
1033 1217 1110 1256 nuno

91 1293 269 1369 magnopere
284 1311 437 1364 censerem,
452 1299 486 1348 ut
499 1311 585 1350 unam
599 1311 695 1366 anum,
710 1299 741 1350 et
755 1292 827 1350 duas
841 1293 962 1370 puellas,
972 1293 1110 1351 itinerum

93 1387 300 1466 agminumque
328 1385 541 1464 impedimenta,
566 1384 691 1465 triginta
715 1387 845 1447 millibus
872 1388 1018 1446 talentum
1044 1376 1213 1448 auri-W
1222 1363 1274 1421 s

7 1493 12 1502 '
93 1489 253 1560 permutes.
299 1481 436 1559 Opimum
458 1501 579 1559 regnum
600 1483 737 1560 occupari
758 1502 843 1560 posse
864 1483 1039 1557 conditione,
1052 1503 1111 1542 non

93 1577 193 1642 bello:
208 1597 261 1636 nec
275 1596 447 1656 quemquam
460 1577 549 1634 alium
564 1577 641 1636 iuter
656 1577 768 1636 Istrum
779 1585 810 1635 et
821 1577 1003 1656 Euphratem
1016 1597 1111 1656 posse·

94 1673 176 1731 disse
187 1679 288 1748 terras,
299 1671 409 1750 ingenti
419 1671 513 1748 spatio
524 1672 734 1752 intervalloque
744 1673 893 1732 discretas.
910 1674 1111 1732 Macedoniam

25 1825 33 1838 ,
93 1787 211 1847 quoque
233 1766 390 1844 respiceres
414 1767 627 1845 potiusquam
647 1765 905 1826 BactraetIndos
926 1749 1111 1826 intuereris'3

95 1863 220 1940 Ingrata
233 1861 325 1920 oratio
339 1860 416 1940 Regi
430 1861 495 1920 fuit
537 1859 643 1939 Itaque
657 1868 692 1919 ut
704 1862 790 1920 finem
809 1862 924 1920 dicendi
936 1863 1017 1935 fecit,
1039 1867 1057 1896 “
1069 1862 1116 1920 Et·
1134 1863 1154 1906 s
1160 1860 1177 1900 f
1192 1859 1242 1897 Π

95 1959 180 2037 ego,'’
194 1957 297 2035 inquit,
313 1956 489 2033 “pecuniam
512 1957 601 2034 qudm
625 1955 747 2033 gloriam
771 1956 895 2030 mallem,
910 1957 937 2015 si
957 1957 1112 2016 Parmenio

95 2072 198 2112 essem.
240 2051 344 2109 ⁹Nunc
360 2050 527 2108 Alexander
560 2049 596 2108 de
617 2057 790 2128 paupertate
814 2052 833 2079 ¹⁰
843 2069 962 2110 securus
984 2071 1058 2125 aum,
1082 2059 1133 2129 et,

96 2168 145 2207 me
159 2166 216 2206 non
229 2153 418 2205 mercatorem
439 2144 558 2205 memini
573 2163 644 2221 esse,
660 2144 711 2205 aed
726 2144 847 2225 Regem.
890 2145 974 2206 Nihil
994 2146 1113 2226 quidem

97 2243 191 2303 habeo
205 2240 322 2302 venale:
346 2241 398 2299 sed
412 2241 558 2300 fortunam
571 2260 666 2300 meam
679 2241 781 2319 utique
796 2259 853 2300 non
868 2242 970 2301 vendo.
1015 2241 1121 2319 Capti-¹
1215 2241 1219 2254 ¹
1243 2306 1270 2324 l

96 2356 151 2398 vos
175 2337 202 2396 si
225 2336 320 2415 placet
342 2335 435 2411 reddi,
460 2335 611 2395 honestids
636 2335 712 2395 dono
736 2336 878 2411 dabimus,
903 2338 992 2416 quim
1018 2337 1113 2415 pretio
1132 2324 1182 2374 sl
1193 2320 1240 2365 ω

96 2434 305 2492 remittemus.”
1052 2460 1054 2464 ·

161 2530 208 2587 45.
231 2525 410 2585 Introductis
423 2525 529 2586 deinde
542 2525 656 2604 legetis,
671 2524 709 2584 ad
728 2526 803 2584 hunc
816 2525 932 2587 modum
948 2526 1113 2605 respondit:

97 2628 116 2659 “
131 2621 277 2682 Nunciate
299 2621 399 2696 Dario,
423 2640 477 2691 me,
498 2640 562 2699 quae
583 2620 700 2679 fecerim
722 2621 877 2679 clementer
895 2630 926 2681 et
946 2622 1124 2705 liberaliter,¹

96 2738 158 2777 non
181 2716 318 2775 amicitiae
337 2719 399 2793 ejus
421 2716 567 2791 tribuisse,
584 2716 634 2775 sed
657 2723 769 2777 naturae
788 2735 868 2775 meaa
908 2715 1025 2775 Bellum
1048 2736 1116 2776 cunr

98 2813 226 2891 captivis
236 2819 267 2870 et
280 2811 406 2871 foeminis
416 2830 515 2891 gerere
523 2830 580 2869 non
588 2811 685 2887 sole03-
707 2818 834 2869 armatus
846 2810 887 2869 eit
897 2818 1019 2888 oportet,
1031 2831 1118 2890 quern
1135 2812 1153 2856 s
1168 2812 1184 2860 l
1195 2809 1213 2848 s
1231 2794 1264 2850 f)

100 2908 221 2968 oderim.
263 2906 348 2977 Quod
362 2906 387 2965 si
401 2907 504 2967 saltem
516 2924 614 2983 pacem
636 2904 713 2965 bonet
725 2905 782 2964 fide
795 2895 915 2983 peteret,
929 2905 1117 2965 deliberarem

100 3002 226 3064 forsitan
241 3020 278 3060 an
291 3001 397 3061 darem.
448 3003 468 3030 ¹¹
480 3000 595 3060 Verdm
609 3001 687 3059 enim
709 3001 786 3076 verb,
799 3004 863 3058 edm
878 3002 898 3029 ¹²
909 3001 995 3061 modd
1007 3001 1118 3066 milites
1154 3030 1161 3039 ·

101 3117 181 3159 meos
194 3096 304 3157 litteris
317 3096 354 3155 ed
367 3096 565 3174 proditionem,
579 3096 665 3159 modd
678 3096 786 3155 amicos
799 3095 837 3153 ad
856 3096 1013 3174 perniciem
1025 3092 1119 3155 meam

101 3193 226 3273 pecunia
241 3192 386 3267 sollicitet,
401 3190 438 3251 ed
451 3191 673 3249 internecionem
686 3191 759 3249 mihi
772 3192 982 3270 persequendus
995 3199 1048 3267 est,
1061 3212 1120 3251 non
1256 3260 1262 3273 ι

102 3297 138 3349 ut
148 3291 246 3366 justus
259 3286 360 3360 hostis,
376 3287 427 3345 sed
444 3292 478 3344 ιιι
498 3305 647 3363 percussor
661 3287 810 3345 veneficus
852 3284 1039 3347 conditiones
1051 3274 1156 3345 verd'l
1163 3275 1182 3329 s
1191 3268 1248 3323 ss

103 3382 193 3463 pacis,
208 3400 279 3460 quas
302 3380 431 3455 adfertis,
445 3380 472 3440 si
496 3398 638 3457 accepero,
653 3380 790 3439 victorem
803 3400 868 3439 eum
888 3381 1006 3440 faciunt.
1048 3379 1122 3451 Qus

105 3482 125 3511 ¹¹
137 3485 205 3559 post
220 3476 401 3553 Euphratem
414 3482 491 3550 sunt,
508 3477 528 3505 ¹⁴
539 3474 699 3535 liberaliter
719 3474 815 3535 donat.
857 3478 878 3505 ¹⁸
889 3475 950 3535 Ubi
963 3475 1055 3555 igitur
1074 3494 1121 3561 mc

75 3589 77 3593 '
105 3570 260 3633 affamini?
280 3572 383 3647 nempe
397 3570 474 3629 ultra
488 3569 667 3647 Euphratem
678 3589 749 3630 suna
792 3570 940 3631 Summum
954 3573 1021 3648 erge
1036 3568 1122 3644 dotis,

108 3685 195 3748 quam
208 3665 361 3744 promittit,
376 3664 529 3723 terminum
543 3670 638 3725 castra
651 3683 715 3723 mea
728 3672 885 3725 transeunt
927 3665 1064 3723 Hincme
1077 3663 1123 3722 de·
1157 3641 1184 3723 b

106 3762 216 3845 pellite,
231 3768 265 3819 ιιι
280 3759 369 3821 seiam
381 3766 509 3818 vestrum
523 3778 585 3819 esse
598 3776 655 3837 quc
668 3759 781 3818 ceditis.
825 3759 938 3826 Eadem
951 3747 1184 3818 liberalitete'ls
1198 3740 1223 3804 9
1234 3752 1264 3804 θ

108 3857 160 3919 dat
186 3855 259 3915 mihi
282 3854 371 3915 filiam
397 3872 488 3929 suam,
516 3856 536 3883 ²⁸
547 3856 650 3931 nempe
675 3874 761 3932 quam
788 3853 850 3914 scio
871 3852 958 3911 alicui
979 3870 1123 3913 servorum
