2592 4400
166 251 227 312 2⁰0
517 269 658 321 ournrr
686 268 827 311 ona-ru

165 417 197 469 st
220 410 252 469 iu
274 406 368 487 primo
389 406 489 467 finium
512 427 632 468 suorum
656 408 739 468 aditu
764 415 928 467 ooourreret
951 406 1037 485 Regi.
1088 406 1193 467 Porus

168 506 295 565 alterurn
309 524 347 564 ex
360 503 407 563 hia
420 504 565 563 fauturum
586 524 650 564 aeae
672 504 833 581 respondit,
849 505 856 533 ¹
867 510 901 561 ut
924 503 1045 561 intranti
1060 520 1191 581 ragnum

70 593 75 603 “
166 620 250 659 suum
264 601 372 678 prrastd
381 605 471 672 esset,
486 598 539 658 sad
552 606 691 659 armetus.
735 598 759 659 J
760 620 806 657 am
827 598 998 675 Hydaspem
1011 598 1194 657 Alexander

166 714 304 773 superare
317 694 493 769 decreverat,
507 695 576 753 oum
597 694 796 753 'Baraseutas
817 694 991 753 defectionis
1012 692 1194 753 Arachosiis

167 800 277 865 auctor,
286 790 411 867 vinetus,
421 790 601 870 trigintaque
614 790 761 869 elephanti
775 790 862 849 simul
872 788 950 866 eapti
963 788 1191 866 perdnountnr3

167 892 360 962 opportunum
383 885 526 945 adverada
546 884 639 945 Indos
652 884 803 959 auxilium,
825 884 1009 963 quippeplas
1023 883 1054 941 in
1077 884 1194 943 belluis

166 982 256 1059 quam
268 980 300 1039 in
312 980 443 1041 exmeitu
455 980 519 1059 apsi
531 1001 565 1040 ιο
578 980 687 1041 virium
701 980 759 1039 illis
774 986 846 1039 erat.
889 978 1096 1057 Gamaxusque
1113 979 1192 1037 Rex

167 1078 282 1155 exiguae
295 1078 388 1154 partis
401 1076 554 1151 Indorum,
567 1077 619 1155 qui
638 1076 794 1135 Barzaenti
809 1094 840 1135 se
853 1078 1054 1153 eonjunxerat‚
1068 1074 1194 1133 vinetus

168 1170 313 1232 sdduetus
325 1179 380 1231 est
436 1172 533 1253 Igitur
553 1172 749 1251 transfugiet
774 1171 876 1250 regulo
891 1171 921 1229 in
942 1170 1116 1245 custodiam,
1132 1170 1193 1229 ele

167 1268 285 1347 phantis
298 1274 397 1328 autem
411 1268 510 1327 Taxili
522 1268 650 1341 traditis,
664 1268 703 1325 ad
717 1288 830 1327 amnem
845 1266 1017 1345 Hydaspem
1032 1267 1193 1344 pervenit:

168 1364 199 1422 in
222 1365 307 1440 eujus
331 1362 471 1422 ulteriore
492 1364 558 1441 ripa
584 1363 680 1424 Porus
705 1362 883 1436 oonssdsrat‚
908 1362 1036 1421 transitu
1059 1360 1193 1439 prohibi·
1244 1353 1249 1359 ’

168 1465 253 1515 turus
271 1456 393 1515 hostem.
437 1455 598 1537 Ootoginta
617 1458 745 1537 quinque
769 1457 939 1535 elephantos
964 1456 1112 1535 objecerat
1141 1476 1193 1515 ex·

169 1553 238 1611 imio
252 1572 405 1629 corporum
418 1553 538 1628 robore;
560 1554 695 1633 ultraque
711 1572 769 1628 eos,
783 1572 886 1613 ourrus
900 1560 1045 1611 treoentos
1060 1560 1092 1612 st
1104 1552 1189 1629 pedi·

170 1654 233 1707 tum
248 1648 370 1726 triginta
388 1648 450 1707 ferd
473 1649 585 1709 millia:
607 1650 638 1707 in
651 1649 733 1728 queis
747 1655 830 1707 erant
852 1648 998 1727 sagittarii
1012 1646 1102 1723 (sient
1117 1645 1192 1707 ante

169 1744 281 1805 dietum
294 1747 352 1822 ast)
374 1743 577 1823 ’gravioribus
596 1744 674 1819 telis,
689 1744 778 1823 qudm
799 1751 835 1803 ut
859 1742 927 1821 apte
943 1742 1042 1803 exouti
1055 1748 1189 1819 possent
1212 1802 1226 1818 ,

171 1839 274 1917 Ipsum
292 1839 418 1901 vehebat
441 1839 616 1917 elephantus
640 1858 730 1916 super
755 1846 876 1899 oaeterus
900 1838 1011 1899 belluas
1036 1837 1190 1897 emineas:

170 1955 306 2015 armaque
327 1955 399 1995 suro
413 1942 444 1993 et
457 1943 578 2014 argento
601 1935 739 1994 distinete
762 1953 867 2012 eorpus
887 1954 962 1993 rarae
976 1934 1190 2013 magnitudinis

169 2031 370 2092 honestabunt
413 2030 474 2089 Par
497 2030 613 2089 animus
632 2030 732 2089 robori
755 2029 894 2107 oorporis,
915 2036 954 2103 et,
974 2035 1085 2107 quauta
1109 2028 1191 2087 inter
1271 2096 1272 2103 ἵ

170 2127 260 2188 rudes
273 2133 389 2205 poterat
403 2144 475 2201 esse,
490 2126 642 2204 sapientia

231 2225 278 2283 43.
301 2222 476 2282 Maoedonaa
490 2242 548 2282 nou
567 2230 739 2300 eonspeotns
763 2220 891 2280 hostium
911 2220 1018 2295 sehim,
1033 2220 1190 2282 sedetiam

170 2316 305 2392 fluminis,
317 2316 395 2394 quod
418 2317 626 2376 transeundum
647 2325 721 2392 erat,
735 2317 905 2394 magnitudo
927 2316 1065 2377 terrebat.
1110 2315 1189 2388 Qua·

171 2419 239 2472 tuor
261 2411 293 2468 in
314 2411 500 2470 latitudinem
522 2413 619 2472 stadia
639 2413 778 2472 diffusum
800 2412 946 2490 profundo
971 2412 1054 2472 alveo
1070 2421 1100 2472 et
1119 2433 1188 2473 mus·

170 2527 258 2586 qnam
272 2506 346 2566 vada
365 2507 522 2583 aperiente,
537 2508 662 2586 speeiem
674 2510 752 2568 vasti
766 2510 854 2568 maris
868 2509 984 2568 fecerat.
1028 2507 1113 2568 ⁴Neo
1132 2529 1188 2588 pro

172 2604 277 2681 spatio.
293 2621 432 2680 aquarum
459 2602 519 2661 late
542 2605 740 2681 stagnantium
768 2605 909 2682 impetum
932 2605 1103 2682 ooeroebat;
1133 2606 1189 2665 sed

171 2699 255 2779 quasi
268 2699 300 2758 in
312 2704 424 2758 aretum
438 2698 610 2759 obeuntibus
623 2699 705 2776 ripis,
721 2706 842 2774 torrens,
858 2707 889 2758 et
908 2699 1000 2758 elisus
1018 2700 1186 2759 ferebatur:

172 2794 344 2874 oooultaque
358 2811 430 2854 saxa
453 2793 547 2854 inesse
569 2793 762 2854 ostendebant
785 2795 919 2873 pluribus
939 2795 1012 2853 loeis
1034 2796 1123 2855 undas
1143 2815 1187 2855 re·

172 2911 323 2968 persuasae.
384 2889 555 2950 Terribilior
576 2897 641 2950 erat
664 2890 753 2950 faoies
775 2891 856 2968 ripae,
869 2910 957 2970 quam
982 2890 1050 2968 equi
1073 2891 1187 2969 virique

172 2984 395 3062 compleverant.
437 2983 563 3044 Stabant
583 2985 717 3064 ingentes
741 2993 888 3045 vastorum
912 3003 1066 3062 corporum
1086 2986 1186 3064 moles,

173 3087 204 3140 et
225 3080 262 3137 de
280 3080 428 3139 industria
445 3080 579 3155 irritatas,
593 3080 738 3141 horrendo
763 3080 889 3141 stridore
913 3099 999 3140 aures
1013 3071 1184 3160 fatigabant

174 3175 253 3234 Hine
277 3174 380 3248 hostia,
394 3174 462 3234 hino
482 3176 574 3234 amnis
587 3176 724 3254 ‘oapaoia
746 3175 866 3256 quidem
886 3176 970 3236 bonae
983 3175 1045 3253 spei
1058 3184 1185 3252 peotora,

144 3269 153 3278 ’
173 3279 203 3330 et
229 3289 306 3348 saepe
330 3289 361 3328 se
385 3277 513 3347 experta,
537 3271 693 3348 improviso
718 3278 815 3330 tamen
837 3291 943 3349 pavore
965 3279 1185 3349 percusserant:

172 3355 279 3444 quippe
292 3363 443 3424 instabiles
456 3371 544 3439 rates,
558 3385 612 3424 nee
627 3365 716 3443 dirigi
730 3366 768 3425 ed
780 3366 883 3443 ripam,
897 3385 950 3424 neo
964 3367 1029 3424 tutd
1044 3367 1186 3444 applicari

172 3482 257 3541 posse
280 3461 444 3522 eredebant.
494 3460 591 3520 Erant
611 3462 644 3520 iu
666 3461 761 3524 medio
783 3481 866 3521 amne
890 3461 993 3521 insula
1015 3462 1135 3538 erebra,
1156 3464 1186 3522 in

172 3577 244 3636 quas
265 3557 336 3616 Indi
348 3563 379 3614 et
400 3555 575 3616 Maosdones
598 3563 711 3630 nantes,
727 3556 831 3616 levatis
856 3575 943 3634 super
967 3557 1063 3634 capita
1087 3558 1185 3632 armis,

172 3651 343 3712 transibant.
384 3651 435 3711 Ibi
456 3651 550 3710 “levia
573 3652 675 3728 praelia
699 3651 894 3725 conferebant,
916 3660 947 3710 et
970 3659 1094 3730 uterque
1116 3653 1185 3712 Rex

171 3750 288 3825 'parvas
305 3748 350 3806 rei
363 3747 529 3806 disorimine
543 3766 665 3806 summae
679 3746 884 3824 experiebatur
898 3755 1041 3809 eventum
1091 3747 1184 3810 Orate·
