2592 4400
413 408 536 450 mim
564 409 615 449 lx.
645 408 731 449 CAP.
761 408 783 448 1.

468 762 632 823 LIBER
660 762 731 824 IX.

507 952 684 1003 mamm

117 1098 140 1139 1.
154 1097 250 1139 Devleto
258 1097 321 1147 Poro,
329 1098 351 1139 lu
361 1097 446 1139 Iudleur
461 1101 557 1150 penetret
571 1097 697 1147 Alexander,
706 1097 816 1147 rerirsque
828 1097 901 1149 genter
909 1096 931 1137 et
938 1094 1007 1146 urben
1015 1105 1105 1147 querum

76 1174 155 1204 mores
165 1164 322 1214 deseribuntur,
330 1164 371 1205 slbi
381 1165 472 1216 subjicit

118 1230 141 1270 2
155 1229 288 1281 fleuperidus
301 1233 324 1271 et
337 1230 458 1271 l’irsrresios
471 1240 610 1281 murus,
626 1229 705 1270 milltes
719 1228 816 1279 istim
829 1230 851 1269 st
868 1226 948 1271 bellum
965 1219 1113 1269 detreotsutes¹

77 1295 169 1347 prolixe
176 1297 272 1336 erstem
280 1296 492 1347 sdperserereutism
500 1297 601 1337 hortetur.

119 1361 140 1402 8.
156 1360 242 1408 Coenus.
251 1360 344 1401 miiitum
352 1363 443 1410 nomine,
452 1360 572 1401 Alexeudro
580 1360 697 1411 rependet,
706 1362 728 1400 et
736 1359 799 1411 psuld
807 1358 854 1411 poet
862 1358 937 1399 morbo
943 1360 1079 1410 extinguitur.

117 1427 140 1467 4.
155 1425 232 1474 Sobiis,
240 1428 263 1467 et
271 1426 317 1467 eliis
326 1428 455 1478 expugnettq
467 1428 575 1477 regionem
588 1426 748 1476 Oxydrseerum
757 1428 779 1465 et
787 1425 898 1465 Mullorum
907 1426 1029 1476 ingreditur.
1055 1425 1106 1466 Ore·

77 1493 144 1533 tione
153 1493 180 1533 sd
189 1492 270 1533 milites
278 1492 357 1541 bebbl,
372 1492 475 1533 Bsrberos
487 1493 551 1543 iuges,
560 1502 677 1541 eorumque
692 1491 800 1543 oppidum,
814 1494 935 1543 eoutempto
943 1486 1106 1543 Demophoonta

77 1560 140 1607 vste.
154 1558 245 1599 obsidet

119 1624 142 1665 u
157 1622 267 1675 Preessipiti
281 1624 337 1664 sellu
351 1625 374 1665 in
389 1624 548 1675 Oxydrseerum
563 1624 665 1676 oppidum
674 1623 828 1672 reimmitteus
844 1624 935 1674 grsrlter
943 1622 1071 1672 vulneretur,
1084 1626 1107 1663 et

77 1690 208 1731 tortissimts
216 1690 343 1740 quibusdem
350 1689 440 1733 duoibns
452 1690 579 1739 desideretis.
588 1691 707 1741 oppidoque
721 1693 769 1741 poet
781 1690 861 1742 sliquot
874 1690 919 1730 dies
931 1692 1057 1741 expugnato,
1065 1690 1106 1731 sibl

79 1758 172 1807 suisque
180 1755 305 1796 restituitur.

121 1824 142 1863 G.
157 1822 194 1863 Ab
203 1823 278 1863 eurisis
285 1824 375 1872 rogetus,
382 1824 407 1862 ut
420 1821 481 1862 seluti
490 1832 533 1861 sue
547 1820 679 1873 publiceque
687 1823 787 1873 parceret,
796 1820 894 1872 generose
908 1821 1026 1873 respoudit:
1039 1823 1061 1862 in
1074 1820 1107 1861 ln·

80 1890 164 1931 siituto
173 1900 213 1929 suo
221 1888 248 1929 de
256 1888 363 1929 dorumdo
371 1887 426 1929 Orbe
434 1898 575 1939 perseversns.

121 1955 143 1997 i.
159 1954 284 1995 (lrseoorum
293 1954 433 2004 quorumdem
442 1955 464 1994 ln
473 1954 555 1994 Beetris
563 1954 652 1995 deiectio
661 1963 758 2004 represso
784 1952 843 1993 Dum
857 1952 960 1993 ludorum
968 1953 1046 2005 legatos
1058 1964 1107 1994 eou-

81 2022 146 2061 ririo
155 2021 238 2071 exeipit
252 2019 376 2069 Alexander,
389 2021 446 2060 luter
458 2020 571 2060 Horreum
586 2022 609 2060 et
621 2019 760 2070 Dioxippum,
769 2020 806 2069 qul
814 2018 900 2059 tsudem
915 2019 1030 2069 imparibus
1043 2020 1107 2059 ermis

82 2087 160 2129 duello
168 2089 258 2136 sensui,
266 2088 314 2126 rin
321 2088 392 2126 oritm.
419 2086 486 2127 Peuid
493 2090 540 2137 post
553 2086 673 2137 Dioxippus
687 2087 823 2127 inimieorum
832 2085 944 2127 eelumulis
952 2084 1007 2126 uine
1018 2086 1107 2127 modum

82 2154 190 2203 bumbos
199 2154 291 2204 seipsum
299 2154 410 2194 interemit.

123 2221 143 2261 Β,
159 2219 228 2260 Douis
236 2218 330 2271 elegatis
339 2220 441 2260 ludorum
455 2221 550 2272 seeeptis,
559 2219 663 2270 Sebreoes,
673 2219 797 2269 Mueiomos,
812 2219 906 2270 Prasios,
920 2219 1011 2270 eliosque
1019 2219 1108 2270 populos

84 2285 186 2334 debellet,
196 2285 312 2326 Ptolemae
318 2286 423 2335 venenati
430 2286 491 2338 pingi
498 2286 584 2338 eeeepm
592 2290 671 2337 oureto,
680 2297 720 2338 ops
728 2287 838 2338 eujusdsm
846 2286 923 2337 heroe,
932 2287 991 2339 euius
999 2287 1107 2338 speeiesin

83 2354 171 2394 somnis
179 2352 301 2394 Alexandro
309 2356 342 2393 eet
347 2353 423 2394 obistu

123 2418 143 2458 9.
161 2417 266 2467 Cupidine
275 2417 356 2458 risendi
366 2417 444 2458 Oeesui
453 2420 566 2477 eorreptus,
575 2428 617 2458 uon
632 2418 679 2459 slus
693 2417 792 2469 perieulis
803 2421 889 2470 propter
901 2420 1014 2459 usuterum
1022 2419 1108 2470 imperi·

84 2483 147 2532 tium
157 2481 244 2522 taudem
253 2484 298 2523 voti
306 2484 339 2522 sui
348 2493 435 2533 eompos
442 2483 545 2524 redditur.

124 2549 160 2590 1⁰.
174 2549 209 2589 Ab
217 2547 301 2590 Oeesrm
314 2550 338 2588 in
353 2549 493 2598 Arebiterum,
502 2548 657 2598 Cedrosiorum,
670 2551 692 2590 et
706 2549 809 2590 Indorum
822 2551 919 2602 regiones
930 2551 1057 2592 revertitur:
1070 2549 1108 2590 ubl

85 2626 139 2655 oum
157 2613 215 2654 inme
230 2615 252 2653 et
267 2613 388 2664 pestilentti
403 2613 495 2654 luctetur
511 2615 621 2664 exereitus,
638 2614 715 2655 delude
735 2615 843 2663 liberetur,
858 2615 961 2666 pleneque
982 2615 1107 2656 restituitur.

86 2679 156 2723 nuos
164 2682 250 2720 mutus
257 2684 290 2720 est
297 2680 407 2732 probrosos
414 2679 562 2721 bseebeutim
570 2679 634 2730 lusus,
642 2681 746 2732 supplioio
754 2681 849 2732 Aspestls
856 2681 948 2733 Sempis
955 2683 1082 2723 mueutstos

152 2841 181 2901 Ι.
216 2845 239 2900 l.
271 2841 466 2900 Auuxsnunu
492 2850 552 2900 tem
579 2841 758 2902 memorabili
785 2841 910 2901 victorii
930 2841 1025 2916 laetus,
1049 2843 1108 2919 qut

89 2938 150 2998 sibi
167 2935 299 2998 Orientis
312 2938 384 2996 iiues
406 2945 522 3015 apertos
543 2955 607 2996 esse
631 2937 775 3010 demebat,
791 2936 854 2996 Soli
867 2936 994 2996 rietimis
1016 2937 1098 2996 eaesis

88 3033 205 3092 milites
218 3051 340 3111 quoque,
354 3033 412 3112 qud
425 3033 653 3110 promptioribus
673 3033 776 3092 animis
790 3032 901 3111 relique
920 3031 992 3092 belli
1010 3033 1109 3091 munio

90 3129 218 3202 obirent,
232 3146 285 3204 pro
309 3127 446 3187 oonoione
469 3127 612 3202 laudatos,
626 3128 727 3186 ‹loouit
748 3127 884 3207 quiequid
905 3126 989 3187 Indis
1003 3129 1108 3187 virium

91 3224 210 3298 fuisset,
225 3222 279 3281 ille
298 3221 482 3280 dimicatione
495 3229 690 3299 prostratum:
711 3230 817 3282 oeeters
836 3223 962 3301 opimam
982 3224 1109 3301 praedsm

90 3319 166 3393 fore,
180 3317 405 3396 oelebmtnsque¹
413 3337 482 3395 opes
496 3319 527 3376 iu
536 3320 571 3376 ed
584 3318 702 3397 regione
716 3319 852 3391 eminere,
866 3339 951 3398 quem
966 3326 1107 3397 peterent.

92 3413 225 3474 Proinde
237 3415 300 3490 jem
312 3413 383 3472 vilis
397 3421 427 3472 et
450 3413 579 3473 obsoleta
600 3432 663 3472 esse
685 3412 777 3491 spolie
791 3414 826 3473 de
840 3413 957 3473 Persis:
978 3413 1108 3492 gemmis,

92 3508 327 3587 margaritisque,
341 3515 372 3566 et
390 3527 461 3566 euro
475 3516 562 3586 sique
584 3508 672 3568 ebore
687 3507 886 3566 Macedoniam
901 3507 1109 3584 Graeciamque,

92 3625 150 3664 uon
164 3623 235 3663 suss
250 3606 362 3662 toutdm
376 3602 476 3662 domos
490 3603 663 3681 repleturos.
706 3603 799 3663 Avidi
811 3603 921 3661 milites
935 3601 1065 3679 peouniee
1080 3606 1110 3658 et

93 3701 204 3778 glories,
226 3698 316 3759 simul
336 3699 406 3778 quie
429 3700 578 3778 uunqudm
603 3699 771 3774 ¹nffirmetio
796 3700 859 3774 ejus
883 3695 1028 3756 fefellerat
1052 3713 1109 3769 eos,

92 3797 269 3873 poilioentur
282 3813 398 3872 operam
409 3813 424 3854 :1
438 3794 621 3873 dimissisque
634 3814 701 3854 oum
720 3793 796 3852 boue
816 3811 875 3869 spe,
891 3790 1006 3867 usvigie
1024 3789 1109 3849 edifi-

93 3896 150 3952 reri
169 3891 269 3972 jubet,
282 3897 319 3948 ut
332 3891 400 3948 edm
414 3897 506 3948 totum
521 3890 623 3949 Asism
645 3887 846 3968 percurrisset,
858 3887 943 3945 linem
967 3892 1111 3945 terrerum
