2592 4400
374 396 498 437 aranu
524 396 620 437 vrrr.
650 394 735 439 oar.
764 395 814 438 1x.
1057 380 1112 441 197
1150 424 1152 429 .

97 538 174 598 enim
189 536 271 598 bella
283 542 426 610 constant,
441 537 499 595 ¹⁰et
512 555 590 614 saepe
603 536 693 595 etiam
707 536 785 616 quod
798 536 873 597 falsd
893 536 1034 597 creditum
1058 543 1112 613 est,

96 635 158 695 veri
172 634 268 693 vicem
282 632 438 692 obtinuit.‘’

158 734 176 763 “
190 731 210 758 ¹¹
225 730 275 788 An
286 727 336 787 me
349 728 475 789 luxuria
499 728 697 809 indulgentem
711 730 822 807 putatis
837 750 917 789 arma
929 738 1028 791 vestra
1042 750 1112 791 auro

97 831 278 904 argentoque
298 824 478 883 adornasse?
520 823 658 882 Assuetis
671 824 745 883 nihil
758 825 847 885 vilius
868 826 924 885 hec
938 826 1036 885 videre
1056 848 1113 885 ma·

96 918 174 978 terit
194 918 276 977 volui
301 917 462 991 ostendere,
486 916 670 991 Macedonas,
692 918 813 977 invictos
836 920 959 989 caeteris,
983 940 1020 979 nc
1042 940 1113 980 auro

97 1016 217 1095 quidem
230 1015 315 1073 vinci.
360 1013 469 1074 Oculos
492 1016 561 1093 crgd
574 1014 702 1092 primum
724 1035 823 1075 eorum
838 1015 956 1075 sordida
970 1017 1065 1075 omnia
1079 1024 1110 1077 et

97 1110 221 1169 humilia
234 1106 427 1188 spectantium
447 1110 567 1187 capiam,
582 1118 613 1167 et
636 1110 745 1169 docebo
770 1130 823 1169 nos
844 1130 902 1169 nou
923 1112 986 1171 auri
1006 1118 1057 1171 aut
1071 1132 1112 1171 ar·

96 1207 179 1284 genti
194 1206 323 1283 cupidos,
333 1205 384 1263 sed
399 1204 497 1264 orbem
511 1212 656 1263 terrarum
667 1204 836 1265 subacturos
851 1207 973 1267 venisses
1018 1206 1113 1277 Quam

96 1302 220 1379 gloriam
233 1310 275 1374 tu,
290 1300 442 1377 parricida,
457 1300 629 1378 intercipere
642 1301 770 1375 voluisti,
785 1309 815 1360 et
830 1302 1014 1378 Macedonas,
1030 1302 1113 1383 Rege

17 1457 18 1460 ,
97 1396 246 1473 adempto,
263 1395 387 1455 devictis
400 1395 540 1473 gentibus
554 1396 687 1455 dedere.¹’

159 1490 235 1548 “At
258 1509 334 1547 nuno
347 1509 446 1549 mones
460 1509 515 1563 me,
529 1497 564 1549 nt
576 1491 681 1550 vestris
695 1492 864 1569 parentibus
878 1512 1001 1571 parcam.
1045 1493 1074 1553 N
1077 1512 1114 1553 on

96 1586 252 1664 oportebat
271 1585 390 1663 quidem
403 1605 455 1645 vos
475 1586 558 1659 scire,
573 1586 644 1665 quid
665 1586 701 1645 de
722 1588 767 1646 his
789 1590 964 1661 statuissem,
979 1590 1035 1668 qud
1050 1588 1113 1647 tris·

96 1683 189 1741 tiores
207 1680 351 1758 periretis,
365 1680 391 1740 si
414 1701 472 1760 qua
487 1681 570 1741 vobis
590 1688 742 1759 parentum
764 1684 901 1743 memoria
922 1690 951 1741 et
970 1704 1039 1742 cura
1058 1690 1112 1743 est'

98 1776 159 1836 Sed
173 1776 244 1835 olim
268 1777 358 1835 istum
379 1796 489 1835 morem
503 1775 653 1835 occidendi
667 1794 731 1835 cum
755 1777 886 1836 scelestis
906 1778 1034 1837 insontes
1048 1797 1113 1855 pro·

95 1872 222 1950 pinquos
246 1878 439 1949 parentesque
462 1871 481 1898 ¹²
490 1870 582 1930 solvi:
610 1877 641 1929 et
664 1872 800 1948 profiteor
825 1871 855 1929 in
879 1872 980 1931 eodem
1005 1872 1113 1933 honora

95 1968 215 2027 futuros
229 1986 327 2025 omncs
341 1984 400 2039 eos,
414 1966 445 2023 in
458 1986 516 2044 quo
529 1966 676 2025 fuerunt”

159 2066 176 2095 “
188 2062 218 2119 N
219 2082 266 2119 am
283 2070 368 2120 tuum
383 2060 588 2136 Oalisthcnem,
602 2062 651 2120 cui
672 2062 723 2121 uni
748 2061 792 2121 vir
815 2061 934 2137 videris,
948 2062 1016 2141 quia
1036 2062 1112 2122 latro

95 2177 137 2232 es,
152 2158 215 2217 scio
229 2176 280 2216 cur
294 2157 416 2235 produci
429 2157 519 2233 velis;
541 2163 686 2217 uteorum
707 2156 752 2216 his
766 2157 881 2235 probra,
895 2174 970 2236 quae'
982 2158 1067 2218 modo
1082 2158 1112 2220 iu

95 2275 142 2313 mc
154 2254 264 2330 jecisti,
278 2254 364 2312 modd
379 2253 497 2328 audisti,
513 2252 593 2310 illius
607 2273 722 2331 quoque
737 2273 786 2312 ore
801 2253 971 2314 referantur.
1009 2253 1112 2332 Quem,

95 2351 122 2410 si
148 2349 273 2408 Macedo
297 2356 382 2425 esset,
406 2357 500 2407 tecum
524 2349 761 2424 introduxissem,
776 2349 978 2427 dignissimum
1001 2358 1031 2410 te
1056 2351 1112 2410 dis·

94 2445 194 2524 cipulo
208 2446 390 2524 magistrum
431 2445 461 2503 N
462 2464 519 2502 nnc
535 2443 677 2521 Olynthio
692 2463 749 2502 nou
763 2445 841 2504 idem
853 2446 929 2522 juris
944 2447 1019 2505 cst.”

156 2541 232 2601 Post
246 2542 308 2600 haeo
321 2540 474 2601 concilium
488 2541 609 2614 dimisit,
623 2540 758 2620 tradique
773 2541 922 2600 damnatos
936 2541 1110 2617 hominibus,

94 2637 147 2717 qui
171 2657 208 2696 cx
223 2637 325 2695 cadem
349 2636 467 2694 cohorte
481 2642 573 2708 erant,
585 2635 682 2712 jussit.
726 2636 786 2710 Illi,
801 2644 835 2695 ut
854 2638 941 2696 fidem
962 2657 1044 2697 suam
1060 2657 1111 2698 sae-

93 2732 169 2794 vitia
191 2731 270 2810 Regi
283 2730 485 2809 approbarent,
500 2733 679 2789 excruciatos
700 2739 885 2790 necaverunt.
929 2730 1111 2791 Oalisthenes

93 2847 212 2908 quoque
226 2834 322 2885 tortus
336 2826 458 2900 interiit,
474 2825 492 2854 ¹²
501 2825 569 2883 initi
582 2826 695 2884 consilii
709 2825 739 2884 in
753 2833 839 2902 caput
855 2826 945 2902 Regis
960 2825 1110 2884 innoxius:

94 2923 147 2985 sed
172 2921 394 3001 haudquaquam
416 2921 491 2980 aulae
505 2928 536 2979 ct
557 2921 576 2950 ¹⁴
585 2921 794 2980 assentantium
815 2920 1049 2979 accommodatus
1070 2921 1111 2978 in·

93 3019 190 3098 genio.
232 3017 339 3096 Itaque
362 3017 472 3075 nullius
492 3016 588 3076 caedes
611 3019 751 3094 majorem
775 3017 852 3094 apud
876 3015 995 3076 Graecos
1020 3016 1111 3076 Alex·

94 3114 188 3174 andro
211 3112 351 3171 excitavit
373 3111 525 3185 invidiam,
545 3103 628 3190 'qudd
653 3111 810 3189 praeditum
838 3111 954 3189 optimis
981 3112 1110 3173 moribus

93 3209 275 3287 artibusque,
295 3227 313 3266 a
338 3227 395 3287 quo
421 3214 572 3267 revocatus
593 3207 631 3265 ad
654 3209 746 3266 vitam
771 3215 841 3282 erat,
863 3209 932 3266 crim
957 3208 1115 3267 interfecto

95 3303 178 3365 clito
204 3303 279 3364 mori
306 3310 513 3381 perseveraret,
540 3321 597 3360 non
624 3305 741 3360 tantum
770 3304 919 3379 occiderit,
944 3305 996 3364 sed
1020 3304 1110 3362 etiam

93 3399 224 3475 torserit,
257 3399 368 3458 indicta
395 3398 513 3477 quidem
543 3402 638 3457 causa.
682 3397 776 3470 Quam
811 3400 1015 3459 crudelitatem
1045 3417 1109 3457 scra

92 3496 267 3574 poenitentia
280 3502 434 3554 consecuta
448 3502 501 3553 est.

154 3591 212 3650 IX„
235 3595 282 3650 28.
306 3590 364 3650 Sed
387 3609 424 3648 ne
446 3590 539 3649 otium
552 3589 679 3648 ferendis
701 3589 865 3648 rumoribus
885 3596 984 3646 natum
1009 3587 1109 3664 aleret,

93 3687 124 3744 in
143 3686 260 3744 Indiam
281 3685 381 3759 morit,
396 3703 509 3762 semper
530 3683 607 3744 bello
621 3684 710 3762 quiam
735 3691 802 3762 post
821 3684 971 3742 victoriam
992 3682 1108 3742 clarior.

93 3781 202 3840 ¹India
224 3788 287 3841 tota
306 3781 399 3840 ferme
419 3786 532 3858 spectat
555 3778 718 3853 Orientem,
739 3779 836 3838 minus
858 3779 888 3836 in
911 3777 1108 3853 latitudinem,

90 3884 183 3957 quem
204 3880 288 3938 recta
308 3875 425 3954 regione
449 3875 583 3953 spatiosa
625 3873 718 3946 'Qua
738 3875 884 3934 Austrum
904 3872 1062 3953 accipiunt,
1077 3872 1109 3934 iu

82 4079 94 4108 k
