2592 4400
187 336 244 397 tte
424 390 428 400 .
532 350 674 412 quartur
705 352 846 395 euauu

181 493 277 573 perire
295 490 383 553 imile
405 498 461 567 est,
490 490 609 552 reddum
635 490 789 553 verborum
815 489 919 553 misere
943 496 1042 551 unere
1079 488 1201 553 diffieile.

183 588 290 666 Itaque
311 588 388 647 iuter
400 587 540 665 optimam
562 585 766 647 eonwieutiam
788 592 818 645 et
832 585 1043 665 iniquissimam
1056 586 1203 645 fortunam

184 683 368 758 ¹destitutus,
383 684 484 762 ignoro
496 681 641 762 quomodd
655 688 685 741 et
698 682 793 742 mimo
806 700 868 741 meo
882 688 912 741 et
931 682 1053 759 tempori
1076 702 1201 761 paream.

182 778 279 839 Abest
289 778 407 857 quidem
419 778 545 857 optimus
558 796 653 839 eausa
665 796 738 837 mem
748 776 858 855 judex:
879 776 929 857 qui
944 796 995 837 eur
1008 796 1054 837 me
1076 778 1139 855 ipse
1153 799 1204 837 au-

182 873 246 933 dire
257 868 392 949 nuherit,
406 891 464 933 neu
480 872 643 933 mebereule
663 870 805 952 excogito,
820 875 883 929 eiam
897 870 941 929 illi
960 871 1069 951 atique,
1085 873 1205 951 cognita

182 974 279 1045 eaust,
293 977 353 1029 tam
366 970 503 1029 damuue
515 968 667 1043 malinam,
680 970 767 1048 qudm
786 966 942 1029 absolvere
994 966 1023 1026 N
1025 985 1062 1026 ou
1082 968 1205 1047 cognita

182 1067 251 1126 verb
264 1064 383 1127 liberari
395 1065 433 1126 ab
446 1065 565 1125 absente
577 1082 634 1123 non
647 1083 772 1142 pessum,
786 1063 867 1143 quia
886 1066 1027 1141 praesente
1047 1062 1206 1121 damnatus

181 1180 253 1223 sum
295 1161 355 1225 Sed
366 1180 529 1239 quanquam
541 1160 632 1222 vineti
645 1159 769 1221 hominis
782 1180 838 1219 nou
851 1178 1028 1237 supervacue
1041 1159 1135 1219 solum
1150 1158 1207 1219 sed

181 1258 270 1317 etiam
281 1257 375 1317 inrisa
388 1257 518 1317 defensio
530 1265 584 1332 est,
597 1276 664 1336 quae
674 1256 803 1335 judieem
815 1275 873 1315 non
887 1256 989 1315 dooere
1004 1248 1131 1333 videtur,
1148 1257 1207 1317 sed

181 1370 320 1431 arguer03
354 1359 458 1427 tamen,
479 1360 632 1432 uteumque
662 1352 729 1411 lieet
749 1372 795 1413 me
818 1351 922 1427 dieere,
937 1359 1041 1411 memet
1065 1351 1127 1429 ipse
1142 1372 1207 1413 non

182 1446 332 1507 deseram:
352 1465 407 1506 nee
426 1449 603 1507 eommittam
622 1454 658 1507 ut
680 1447 833 1509 damnatus
855 1447 944 1509 etiam
965 1449 1030 1507 mea
1051 1448 1207 1509 sententia

182 1540 312 1603 videar.”

242 1639 262 1672 “
273 1635 419 1717 l'quidem
432 1639 516 1716 eujus
529 1636 659 1698 oriminis
672 1657 737 1698 reus
751 1637 806 1699 sim
820 1657 878 1697 uun
890 1636 982 1699 video.
1038 1636 1122 1697 Inter
1135 1658 1207 1699 eun·

187 1734 301 1811 juratos
313 1752 396 1794 nemo
408 1753 456 1793 me
474 1733 613 1794 nominat
677 1733 722 1794 De
741 1752 787 1793 me
809 1732 1000 1793 Nieomaehus
1019 1732 1094 1793 nihil
1115 1733 1205 1796 dixit

183 1828 339 1891 Cebalinus
350 1828 417 1907 plus
428 1830 518 1909 quiam
530 1828 664 1889 audierat
677 1828 750 1887 seire
763 1847 821 1889 uon
833 1828 939 1907 potuit
995 1828 1090 1907 Atqui
1103 1833 1215 1907 eonju·

181 1924 303 1985 radonis
315 1931 401 2002 eaput
414 1944 461 1984 me
474 1923 566 1985 fuisse
578 1922 670 1983 eredit
683 1924 758 1984 Rex.
793 1922 896 1983 Potuit
909 1924 977 2003 ergd
990 1922 1122 2003 Dymnus
1135 1945 1206 1985 eum

180 2021 340 2099 praeterire,
353 2040 437 2098 quem
451 2018 650 2099 sequebatur?
671 2019 852 2096 'praesertim
865 2020 933 2077 eiam
946 2019 1089 2097 quaerenti
1108 2022 1206 2083 aoeies

181 2116 229 2177 vel
240 2116 316 2175 saled
328 2114 432 2174 fuerim
443 2113 642 2189 nominandus,
655 2116 712 2193 qud
726 2113 845 2173 faeilids
857 2113 908 2193 qui
915 2114 1091 2190 tentabatur,
1104 2125 1206 2193 posset

181 2211 301 2289 impelli.
363 2210 451 2270 'Non
464 2211 540 2268 enim
554 2210 669 2270 detecte
683 2210 809 2269 facinore
823 2229 926 2268 nomen
938 2229 1034 2270 meum
1048 2214 1204 2290 praeteriit,

181 2313 216 2365 ut
228 2312 326 2382 posset
338 2304 432 2364 videri
446 2306 522 2364 sosio
545 2305 727 2383 pepercisse5
749 2305 801 2366 sed
824 2305 852 2364 N
855 2306 1008 2381 ieumaahe,
1022 2327 1109 2386 quem
1131 2310 1204 2368 taei-

180 2407 280 2460 turum
292 2418 397 2458 areana
410 2399 446 2458 de
459 2400 613 2478 semetipse
627 2400 771 2476 eredebat‚
787 2401 944 2476 coufessus,
958 2401 1025 2460 aliis
1035 2402 1203 2480 nominatis,
1277 2479 1278 2484 η

181 2515 228 2555 me
241 2512 331 2553 uuum
343 2494 541 2557 subtrahebat
584 2496 699 2570 (lumea,
711 2495 930 2572 nummilitunes,
945 2497 970 2556 si
985 2495 1143 2558 Cebalinus
1154 2489 1204 2560 ine
1277 2499 1278 2518 ¹

180 2611 238 2650 uun
250 2590 370 2666 adisset,
383 2591 458 2650 nihil
470 2611 517 2650 me
530 2591 566 2652 de
579 2591 738 2674 conjuratis
751 2591 825 2651 seire
839 2590 996 2668 voluisset;
1019 2612 1090 2652 num
1111 2593 1201 2654 hodie
1277 2609 1278 2670 l

182 2686 308 2746 diaerem
331 2705 448 2746 eausam
470 2685 551 2746 nulle
574 2705 620 2746 me
646 2685 836 2746 nominante?
895 2686 1047 2766 ‘Dymnus
1073 2689 1150 2748 saud
1173 2697 1203 2750 et
1277 2743 1278 2758 q

181 2782 261 2844 vivat
282 2782 387 2857 adhue,
410 2789 442 2841 et
454 2782 526 2844 velit
546 2780 620 2840 mihi
641 2799 777 2858 paruere:
793 2780 869 2860 quid
890 2781 1012 2841 eaeteri?
1039 2783 1092 2862 qui
1113 2784 1150 2843 de
1171 2805 1202 2848 se

180 2879 388 2939 mulitebuntur
407 2896 454 2938 me
474 2876 611 2938 videlieet
632 2875 828 2936 subtrahent?
882 2876 1016 2956 Maligna
1038 2885 1083 2938 est
1096 2879 1201 2940 eulam-

179 2972 257 3049 itas;
278 2980 309 3032 et
328 2974 391 3034 ferie
413 2974 526 3048 noxius,
549 2975 620 3032 edm
640 2991 694 3032 suu
717 2971 857 3050 supplicio
877 2972 1029 3050 cruciatur,
1043 2975 1203 3053 adquiescit
1277 2975 1278 2980 ’

181 3067 283 3126 alienu
346 3068 404 3126 Tot
424 3068 539 3143 wnseii,
552 3087 589 3127 ne
608 3067 641 3128 in
653 3069 806 3146 equuleum
819 3067 934 3147 quidem
948 3068 1085 3146 impositi,
1099 3090 1202 3131 verum
1277 3099 1278 3124 3

181 3161 374 3222 fatebuntur?
413 3162 508 3242 Atqui
520 3181 605 3222 nemo
618 3163 712 3241 paruit
725 3162 875 3240 morituro,
890 3182 941 3222 nee
961 3163 1096 3242 uniquam
1116 3168 1201 3228 mori·
1277 3163 1278 3166 ’

183 3256 465 3334 turus‚ut0piuor.''
1277 3309 1278 3318 ,

242 3351 320 3413 “Ad
339 3371 441 3411 verum
461 3352 577 3428 brimeu,
597 3360 628 3410 et
640 3351 698 3412 'ad
719 3372 809 3414 unum
832 3352 1033 3414 revertendum
1053 3355 1128 3414 mihi
1148 3364 1201 3418 est
1277 3421 1278 3426 ,

182 3447 244 3510 Our
264 3468 325 3508 rem
346 3447 473 3508 delatam
494 3445 532 3506 ad
552 3453 583 3506 te
603 3447 744 3507 taeuisti?
771 3467 822 3524 eur
843 3455 904 3508 tem
927 3468 1045 3510 maurus
1066 3451 1203 3512 audisti?
1277 3451 1278 3528 j

182 3544 248 3604 Hoe
260 3544 466 3624 qualeeumque
478 3550 533 3618 est,
548 3544 678 3602 eenfesse
692 3544 773 3620 mihi,
784 3544 957 3625 ubicumqud
971 3565 1012 3622 ee,
1024 3545 1201 3624 Alexander,
1277 3539 1278 3552 ¹

181 3640 337 3701 remisisti:
358 3641 492 3700 dextram
506 3645 588 3696 tuam
599 3637 759 3716 amplexus,
773 3640 952 3702 reconciliati
970 3642 1079 3721 pignus
1101 3644 1201 3720 animi,
1277 3671 1278 3698 ι

180 3735 313 3796 eonmvio
326 3753 438 3816 quoque
450 3734 580 3794 interfui
630 3734 664 3794 si
685 3734 836 3796 tradidisti
855 3736 936 3813 mihi,
951 3737 1099 3798 absolutus
1119 3758 1201 3800 suun:

182 3830 387 3909 sipeperaiati,
401 3829 567 3892 ‘dimissus
602 3897 606 3902 ,
629 3829 711 3890 'Vel
721 3831 865 3908 juditium
877 3840 962 3910 tuum
975 3852 1064 3914 serua
1121 3833 1202 3907 Quid
1277 3839 1278 3844 ’
