2592 4400
182 377 243 437 226
532 390 671 442 Qnisri
697 390 837 431 conrii

181 541 263 593 meto
276 530 374 591 territi
386 548 489 590 rursus
509 528 657 589 seditiosis
671 528 789 590 vooibus
809 529 921 607 Regem
941 528 1093 607 inoropsre
1107 548 1200 609 ooepe-

182 634 269 687 rnnt:
289 624 449 705 “Gangem
471 644 594 698 emnem,
615 631 646 682 et
672 644 738 704 quse
763 623 841 685 ultre
868 632 974 699 essent,
995 642 1054 683 uon
1081 632 1202 683 eosetes

182 721 399 795 trsnsmittere;
420 739 478 779 non
492 727 589 778 tsmsn
602 719 710 793 fluisse,
726 720 775 777 sed
796 724 925 779 muti-sse
939 718 1065 778 bellum:
1088 721 1201 779 indom-
1285 706 1286 735 ³

183 818 235 877 itis
248 816 384 897 gentibus
404 834 436 874 se
457 815 596 892 objeotos‚
609 820 644 873 ut
657 814 798 893 sanguine
823 834 875 873 sno
899 815 1048 892 operirent
1061 816 1091 873 ei
1108 814 1201 876 Oeen·

182 932 261 971 num.
304 910 394 970 Trebi
417 916 502 969 extra
515 908 612 968 sidere
625 915 655 967 et
677 907 785 982 Solem,
799 909 921 987 cogique
935 908 1025 984 odire,
1040 929 1109 987 quse
1124 930 1199 969 mor·
1285 954 1286 987 Τ

183 1008 286 1065 tslinm
309 1005 402 1065 oeulis
423 1012 529 1063 nstnrs
549 1002 732 1063 subduxerit
775 1003 898 1063 ¹‘Novis
922 1004 1084 1063 identidem
1111 1006 1201 1065 srmis

184 1120 274 1161 novos
297 1100 397 1159 hostes
420 1099 554 1158 existere.
598 1096 679 1167 Quos
701 1104 736 1157 ut
760 1116 857 1157 omues
877 1098 1003 1157 fundent
1024 1100 1201 1179 fugentqne,

184 1196 263 1276 quod
282 1194 434 1273 proemium
448 1195 527 1271 ipsos
540 1192 680 1251 menete?
700 1192 852 1272 caliginem
875 1213 909 1251 so
933 1194 1077 1271 tenebras,
1092 1203 1126 1253 et
1140 1216 1201 1273 per-

184 1301 302 1370 petusm
325 1297 439 1349 nootm
466 1287 608 1366 profundo
630 1288 830 1364 inoubsntem;
859 1288 1003 1367 repletum
1025 1290 1202 1350 immanium
1285 1312 1286 1375 3

185 1387 350 1447 belluarum
368 1383 504 1462 gregibus
517 1383 642 1458 fretum
665 1381 825 1441 immobiles
841 1385 943 1457 undas,
958 1385 1113 1463 inquibus
1128 1406 1205 1446 emo·
1285 1380 1286 1429 ἶ

185 1484 265 1541 riens
274 1488 379 1539 neturs
388 1478 545 1537 denseri&
580 1476 647 1537 Rex
661 1496 717 1536 non
729 1482 790 1554 sud,
801 1478 852 1537 sed
859 1480 988 1537 militum
998 1480 1204 1543 sollieitudine

186 1577 298 1649 surius,
308 1574 443 1633 oonoione
454 1573 595 1633 sdvoostd
608 1573 703 1650 doust,
717 1576 733 1607 “
746 1573 878 1633 imbelles
891 1594 962 1649 esse,
973 1595 1046 1655 quos
1055 1584 1203 1637 metuent
1285 1582 1286 1635 f

188 1672 272 1733 Nihil
292 1670 397 1730 deindd
418 1676 525 1747 praeter
549 1668 602 1727 bos
614 1676 719 1747 gentes
738 1668 865 1744 obstare,
878 1670 1031 1748 quominus
1054 1680 1206 1733 terrerum

187 1768 283 1849 spatis
295 1767 412 1842 emensi,
428 1765 466 1825 sd
479 1767 566 1824 linem
587 1765 674 1824 simul
689 1764 790 1823 mundi
802 1764 990 1843 laborumque
1010 1770 1204 1845 pervenient:
1285 1808 1286 1813 κ

187 1864 307 1924 eessisse
320 1861 379 1921 illis
392 1860 588 1920 metuentibus
602 1860 741 1939 Gangem,
756 1866 786 1917 et
806 1859 1023 1919 multitudinem
1037 1864 1205 1939 nationum,

186 1980 254 2039 quse
266 1959 346 2018 ultre
358 1974 470 2015 emnem
490 1962 604 2031 essent3
627 1955 789 2013 deelindsse
813 1956 868 2013 iter
891 1956 934 2029 ed,
948 1955 999 2016 ubi
1021 1976 1075 2033 par
1098 1958 1206 2037 glorie,
1285 1976 1286 1989 ²

188 2056 285 2113 minus
298 2052 458 2131 perieulum
480 2057 566 2113 esset
610 2050 709 2109 ”dem
733 2051 896 2129 prospicere
910 2070 940 2109 se
953 2049 1122 2111 Ooesnum:
1141 2056 1207 2131 jam
1285 2108 1286 2117 ,

188 2150 311 2228 perflare
331 2148 368 2208 sd
396 2147 475 2225 ipsos
497 2166 598 2205 eurem
620 2146 726 2206 moris:
757 2166 793 2204 ne
817 2145 981 2207 inviderent
1003 2146 1060 2207 sibi
1084 2148 1207 2209 laudem
1285 2194 1286 2202 κ

188 2265 275 2323 qusm
289 2250 421 2320 peteret:
444 2241 580 2300 Herculis
594 2248 625 2300 et
646 2241 749 2301 Liberi
763 2241 853 2318 putris
873 2241 1015 2300 terminos¹
1026 2243 1208 2304 transituros

189 2339 276 2397 illos:
297 2338 375 2414 Regi
388 2355 440 2394 suo
449 2356 538 2414 psrro
546 2336 692 2414 impendio
707 2336 956 2395 immortalitatem
966 2338 1051 2398 fsmee
1062 2339 1204 2417 daturos;

188 2440 356 2512 peterentur
368 2451 400 2490 se
414 2451 450 2490 ex
466 2431 554 2490 Indis
566 2431 672 2507 redire,
681 2452 739 2492 non
752 2432 881 2511 fugers.'’

253 2531 295 2586 13.
320 2527 425 2588 Omnis
438 2526 605 2602 multitudo,
619 2535 651 2586 et
665 2528 790 2586 msximd
803 2527 949 2602 militaris,
964 2528 1066 2588 mobili
1087 2530 1205 2610 impetu

189 2624 291 2683 fertur.
335 2622 384 2680 Its
405 2621 556 2680 seditionis
576 2641 635 2680 non
656 2623 791 2696 remedia,
805 2622 894 2702 qudm
917 2624 1068 2700 principis,
1091 2629 1205 2703 majora

189 2726 267 2778 sunt.
311 2718 378 2778 Non
398 2717 473 2779 elide
493 2723 553 2775 tum
567 2717 662 2775 slnoer
683 2717 791 2776 elamor
804 2718 841 2778 sb
855 2717 985 2778 exereitu
999 2726 1044 2784 est
1058 2721 1204 2798 redditus,

195 2813 361 2892 jubentium
384 2812 504 2871 duoeret
531 2811 598 2870 Diis
625 2811 769 2885 seeundis,
795 2819 825 2872 et
851 2821 981 2891 sequeret
1006 2812 1101 2891 glorid
1128 2835 1214 2894 quos-

188 2909 384 2988 aemulsretur.
426 2907 529 2966 Laetus
550 2907 596 2966 his
618 2906 874 2966 seolsmstionibus
888 2907 925 2966 sd
948 2907 1047 2966 hostes
1067 2911 1203 2988 protinus

190 2995 286 3062 ndstra
299 3004 397 3064 movit.
440 3003 640 3062 Validissimae
663 3000 803 3060 Indorum
816 3010 919 3082 gentes
934 3011 1023 3078 erent,
1038 3011 1069 3062 et
1091 3005 1201 3064 bellum

189 3097 312 3176 impigre
328 3097 479 3175 parebant,
494 3097 654 3175 dusemqne
675 3115 711 3154 ex
725 3097 840 3156 uddone
857 3096 1080 3176 Oxydrsosrum
1096 3101 1202 3179 ’ἐρεο-

189 3199 260 3250 tstae
272 3191 391 3249 virtutis
405 3191 562 3270 elegerent,
572 3193 622 3271 qui
636 3193 692 3254 sub
703 3192 850 3252 rsdioibus
864 3193 970 3252 montis
984 3201 1080 3254 oestrs
1093 3197 1201 3273 posuit,

189 3288 305 3365 letoque
331 3287 422 3365 ignes,
446 3294 482 3346 nt
508 3289 634 3365 speeiem
662 3287 862 3346 multitudinis
897 3295 1026 3366 sugeret,
1051 3291 1200 3368 ostendit;

188 3383 312 3441 elamore
331 3399 445 3460 quoque
459 3400 492 3438 so
512 3383 558 3439 sni
571 3383 661 3440 moris
676 3382 791 3442 ululatu
805 3383 963 3442 identidem
987 3385 1202 3463 requiescentes
1269 3430 1271 3433 -

190 3477 363 3537 Mooedones
395 3477 505 3534 frustra
539 3483 647 3536 terrere
675 3484 803 3536 conotus.
860 3477 931 3538 dam
958 3477 1010 3536 lux
1032 3469 1202 3556 'appetebat

187 3575 256 3631 otim
271 3573 339 3631 Rex
351 3571 465 3630 fiduoiae
485 3590 518 3629 ao
531 3572 594 3649 spei
614 3572 726 3649 plenus,
741 3571 850 3632 elsores
863 3573 972 3632 milites
986 3593 1066 3632 arms
1090 3593 1202 3652 ospere,

188 3676 219 3726 et
240 3669 319 3726 exire
343 3668 374 3726 in
396 3667 486 3725 soiem
508 3666 601 3743 jubet.
645 3667 705 3728 Sed
728 3675 845 3726 metune
869 3686 906 3726 sn
930 3668 1072 3750 seditione
1097 3670 1203 3730 obortd

85 3811 87 3814 ,
187 3763 365 3840 interimus,
380 3761 479 3822 subitb
499 3762 692 3840 profugerunt
707 3761 841 3822 Barbari.
885 3762 973 3824 Certe
987 3763 1068 3823 eries
1087 3773 1203 3825 montes
