2592 4400
166 376 222 436 tou
511 390 650 443 ourani
677 390 819 433 οιιιιτιι

157 533 229 594 linis.
284 532 317 595 si
337 530 388 600 bie
407 530 549 607 'animus
571 530 597 589 si
620 530 683 591 brea
704 530 761 605 lex,
775 528 850 589 nulli
871 547 929 589 non
950 536 1035 609 parta
1055 530 1178 593 libertas

158 638 220 690 est:
250 648 333 689 nemo
367 627 488 689 erotis
523 627 674 687 fastidium
712 624 911 700 Maeadonum,
929 644 1024 685 ‘nume
1063 628 1178 687 vultum

157 725 314 803 superbum
326 725 404 784 ferre
417 729 541 803 rogatur.
603 722 665 783 Sua
677 721 779 801 unique
793 722 897 781 dextra
909 728 962 781 aut
974 722 1119 783 ultionem
1133 731 1179 783 tot

157 822 299 881 malorum
312 822 414 898 pariet,
427 826 479 878 aut
491 820 583 878 linem
626 816 772 895 Equidem
790 818 879 895 quam
893 816 1039 878 versatilis
1058 819 1178 879 fortuna

81 916 205 1002 parit,
219 916 422 976 documentum
445 914 507 992 ipse
528 932 599 973 sum
662 910 754 971 ”Nee
776 912 921 971 immerito
943 914 1077 973 mitiores
1099 916 1184 975 uiues·

156 1016 220 1091 ejus
232 1018 374 1091 exsperto.
429 1009 488 1071 Sed
501 1010 527 1069 si
538 1010 620 1085 justa
633 1026 667 1067 ao
681 1008 729 1085 pia
742 1007 820 1067 bella
834 1007 885 1065 Dii
898 1015 1078 1085 aversantur,
1093 1010 1176 1070 lorti·
1222 1069 1230 1085 ,

156 1110 211 1171 bus
223 1117 319 1168 tamen
332 1107 404 1169 viris
416 1104 515 1165 lieabit
528 1104 648 1163 bonesti
663 1104 744 1163 mori.
787 1102 846 1161 Per
867 1122 919 1183 ego
933 1122 985 1165 vos
999 1105 1104 1165 deeora
1116 1126 1176 1165 rna·

153 1206 260 1283 jurum,
273 1203 324 1281 qui
337 1200 429 1261 totius
444 1198 577 1261 Orientis
589 1215 678 1277 regua
691 1216 755 1257 eum
775 1198 957 1259 memorabili
970 1198 1055 1259 laude
1075 1208 1176 1261 tenua

155 1288 241 1375 ruut3
262 1318 314 1376 per
327 1297 395 1355 illos
407 1296 493 1369 viros,
507 1293 614 1373 quibus
637 1293 815 1371 stipendium
837 1292 1007 1355 Maeedonia
1027 1296 1175 1375 quendam

77 1402 146 1501 με
157 1394 243 1471 tuiit3
265 1412 317 1470 per
330 1399 375 1449 tot
387 1390 504 1450 narium
516 1389 630 1463 eiaaaes,
645 1389 676 1447 in
690 1388 832 1449 Granium
847 1390 968 1467 missas;
989 1409 1041 1467 per
1056 1398 1101 1451 tot
1115 1400 1174 1451 tro-

154 1508 218 1569 ραι
241 1488 428 1566 Regum,uro
448 1492 480 1545 et
499 1487 637 1559 obtestor,
662 1491 697 1544 ut
724 1484 875 1545 nobilitate
895 1492 995 1547 vestra
1021 1488 1174 1567 gentisque
1274 1478 1275 1513 ³

154 1584 257 1663 dignos
270 1582 390 1660 spiritus
411 1580 540 1658 eapiatis,
554 1587 589 1639 nt
610 1580 716 1639 eadem
739 1582 901 1639 eoustantit
922 1582 1092 1657 animorum,
1113 1587 1173 1661 qud

153 1676 303 1757 praeterita
315 1676 473 1750 tolertstis,
487 1674 678 1753 experiamini
691 1674 832 1754 quidquid
856 1676 959 1735 deinde
982 1696 1044 1737 sors
1059 1678 1171 1739 tulerit.

155 1772 205 1865 bie
217 1774 295 1833 oartia
316 1772 349 1831 in
369 1778 549 1851 perpetum,
569 1778 621 1830 aut
641 1770 766 1833 vintoris
787 1772 903 1852 egregia
924 1773 1098 1850 nobilitabit,
1119 1780 1173 1835 aut

94 1875 129 1921 20
263 1869 280 1901 tr

67 1870 94 1957 j
153 1888 271 2024 miii.
292 1968 339 2023 25.
360 1962 435 2023 Hae
448 1961 563 2020 dieante
576 1958 676 2035 Dario,
690 1958 840 2038 prasentia
852 1961 973 2039 periculi
989 1962 1097 2039 speeies
1111 1981 1170 2023 em·

151 2059 233 2119 nium
252 2058 339 2119 simul
359 2056 445 2117 eorda
465 2055 634 2133 animosque
655 2055 773 2113 horrore
796 2054 1022 2132 perstrinxerat:
1043 2076 1096 2117 nee
1117 2063 1170 2119 aut

151 2154 303 2215 eonsilium
323 2152 501 2231 suppetebat,
521 2157 573 2210 aut
586 2169 658 2227 r013
680 2152 747 2210 oiim
768 2148 932 2212 Artabazus
952 2152 1167 2217 vetustissimus
1275 2152 1276 2193 ³

151 2245 314 2323 amieorum,
325 2265 409 2328 quem
418 2246 561 2324 hospitem
570 2246 660 2306 fuisse
671 2245 802 2324 Philippi
817 2249 824 2275 ¹
835 2249 912 2325 soepe
923 2247 1057 2324 diximus,
1073 2254 1091 2284 “
1102 2249 1132 2310 N
1133 2267 1167 2310 na

82 2344 249 2440 peroro?
262 2341 366 2421 inquit,
380 2347 399 2376 “
408 2341 647 2428 pretiosissimam
661 2349 772 2401 vestem
785 2341 889 2417 induti,
903 2344 1046 2422 armisque
1058 2351 1167 2422 quanto

150 2437 275 2498 maximo
295 2437 377 2495 onitu
396 2455 548 2514 possumus
569 2435 711 2511 adornati,
726 2435 837 2516 Regem
850 2436 880 2496 in
895 2439 987 2496 neiem
1006 2457 1164 2518 sequemur.

151 2535 198 2595 Ea
210 2533 327 2612 quidem
340 2539 445 2606 mente,
459 2530 611 2590 viotoriam
621 2537 657 2589 nt
678 2549 833 2609 speremus,
847 2539 967 2590 mertem
980 2551 1038 2590 nou
1056 2553 1165 2596 recuse-

150 2629 242 2705 mua”
281 2626 412 2686 Assensn
425 2628 563 2704 exoepbre
583 2625 681 2687 ueteri
702 2625 774 2684 hane
794 2645 900 2686 vooem
961 2627 1020 2688 Sed
1033 2627 1164 2690 ‘Nabar-

150 2743 241 2797 aaues,
255 2721 306 2801 qui
328 2722 359 2781 in
380 2722 481 2780 eodem
502 2719 621 2779 oonsilio
645 2728 717 2795 erat,
732 2740 797 2780 eum
821 2721 913 2782 Besso
931 2722 1056 2782 inauditi
1080 2731 1184 2784 antea'

71 2809 139 2904 73⁰
148 2818 285 2899 facinoris
299 2818 438 2878 societate
450 2816 535 2891 inita,
550 2816 662 2910 ltegem
675 2835 759 2874 suum
773 2835 824 2894 per
834 2817 950 2892 milites,
960 2817 1066 2896 quibus
1080 2820 1162 2880 ambo

149 2922 301 2994 praeerant,
324 2913 564 2992 eomprehendere
584 2919 615 2970 et
627 2911 736 2971 vinoire
759 2912 962 2990 decreverant,
984 2914 1037 2972 'ed
1058 2923 1162 2990 mente,

148 3018 184 3070 ut
196 3011 222 3068 si
237 3010 401 3068 Alexander
414 3009 494 3086 ipsos
507 3007 655 3066 inaeoutus
668 3006 750 3082 foret,
763 3007 871 3066 tradite
887 3007 968 3086 Rege
975 3007 1042 3068 vivo
1055 3008 1163 3070 inirent

147 3105 271 3184 gratiam
283 3103 412 3177 victoris,
426 3102 542 3180 ⁴magni
554 3103 684 3180 profeetd
706 3101 815 3179 nepisse
837 3102 958 3162 Darium
980 3104 1160 3166 aestimaturi.
1276 3117 1277 3126 ¹

148 3199 201 3259 Sin
215 3205 312 3256 autem
332 3217 399 3255 eum
420 3197 544 3276 effugere
564 3197 738 3273 potuissent,
752 3197 901 3256 interserto
922 3197 1021 3274 Dario,
1042 3219 1161 3279 regnum

82 3289 157 3375 73(
147 3293 205 3367 sibi
218 3299 398 3372 oeouparent,
412 3292 575 3370 bellumque
588 3279 765 3353 renovarent
818 3292 883 3352 Hor
896 3293 1085 3370 parricidium
1098 3300 1160 3354 oiim
1276 3311 1277 3322 ¹

148 3389 200 3449 diu
222 3389 411 3462 volutassent,
427 3384 608 3445 Nabarzanes
622 3386 753 3448 ’aditum
766 3389 885 3448 nefariae
906 3389 966 3466 spei
986 3409 1158 3468 praeparans,

147 3489 166 3520 “
177 3483 453 3572 Seiomess’inquit,
476 3485 494 3517 “
505 3483 675 3541 sententiam
695 3503 758 3544 esse
780 3483 926 3544 dicturum
947 3485 1041 3562 prima
1066 3488 1159 3564 speeie

146 3582 363 3664 haudquaquam
388 3578 508 3638 auribus
530 3577 590 3636 tuis
611 3586 742 3656 gratam
771 3581 821 3640 sed
842 3579 945 3638 mediei
966 3601 1078 3661 quoque
1099 3605 1159 3663 gra·
1276 3565 1277 3588 ¹

146 3677 240 3736 viores
248 3675 359 3735 morbos
372 3673 481 3750 asperis
495 3672 630 3732 remediis
644 3681 747 3732 curant
762 3693 769 3732 ι
791 3681 819 3734 et
832 3676 1016 3753 gubernator,
1029 3678 1081 3738 ubi
1094 3699 1160 3738 nau·
1276 3669 1277 3716 ἶ

75 3764 269 3848 minagium
282 3771 373 3844 timet,
395 3771 521 3846 jaeturi,
534 3768 676 3847 quidquid
690 3769 798 3828 servari
820 3777 924 3846 potest,
938 3771 1060 3832 redimit
1096 3774 1160 3854 Ego
1202 3762 1205 3768 ⁵

147 3873 251 3938 tamen,
265 3885 322 3923 non
342 3873 376 3922 ut
395 3865 532 3924 damnum
553 3863 671 3940 quidem
693 3863 791 3938 fanias,
805 3864 929 3940 suadeo,
953 3866 1005 3924 sed
1019 3873 1053 3926 ut
1067 3875 1106 3943 ts,
1127 3889 1159 3929 ae
