2592 4400
457 368 580 410 arsen
610 366 644 409 v.
677 368 763 410 ese.
792 369 863 411 arr.
1098 354 1153 413 los

133 506 226 567 sint.”
287 508 362 569 Haec
384 506 564 589 agitantibus
588 508 750 599 Artabanus
774 508 948 587 supervenit,
976 508 1037 569 sive
1061 510 1154 591 Regis

33 592 141 669 (ῘΓ
139 606 237 681 jussu,
257 604 318 663 sive
339 607 393 663 sub
413 611 523 681 sponte,
537 603 679 662 affirmem
700 603 863 683 mitigatum
885 624 947 665 csse
971 605 1101 681 Darium,
1124 614 1154 666 et

135 698 341 757 eumdemillis
355 698 489 759 amicitiae
503 698 624 778 gradum
638 704 737 775 patere
751 699 828 775 apud
842 700 960 779 Regem.
996 700 1049 759 Illi
1063 700 1153 781 lacry-
1200 745 1203 751 -

132 791 346 868 mentesanae
368 813 491 873 purgare
514 812 555 869 se,
576 813 652 851 nunc
673 793 849 853 Artabazum
871 814 960 869 orare,
983 802 1016 853 ut
1040 815 1153 855 cansam

132 889 265 966 ipsorum
277 896 417 963 tueretur,
431 906 586 966 precesque
599 888 746 964 perferret.
803 888 851 949 Sic
863 894 979 966 peracta
992 898 1085 965 nocte,
1099 891 1153 950 sub

132 980 211 1041 lucis
232 992 306 1059 ortu,
330 983 514 1041 Nabarzanes
535 1002 600 1040 cum
620 982 785 1040 Bactrianis
803 982 944 1043 militibus
965 984 996 1041 in
1009 986 1154 1047 vestibulo

47 1050 73 1125 ff
79 1070 128 1161 ’ξ
136 1080 275 1138 Praetorii
288 1079 398 1153 aderat,
412 1078 549 1136 “titulum
562 1076 698 1136 solemnis
720 1077 805 1136 officii
827 1078 938 1137 occulto
960 1079 1060 1139 sceleri
1082 1100 1153 1157 pras·

131 1174 240 1232 ferens.
295 1173 412 1248 Darius,
431 1172 513 1251 signo
525 1172 563 1230 ad
576 1172 701 1230 eundum
715 1171 792 1247 dato,
806 1192 921 1231 currum
939 1174 1062 1255 pristino
1075 1194 1154 1234 more

133 1268 309 1329 conscendit
372 1267 555 1326 Nabarzanes
579 1267 730 1345 caeterique
750 1267 910 1344 parricida,
935 1270 1154 1347 procumbentes

132 1363 225 1438 humi,
239 1384 324 1442 quem
345 1363 432 1440 paulb
451 1369 518 1439 post
538 1362 570 1420 in
583 1362 705 1421 vinculis
719 1361 848 1421 habituri
869 1371 957 1439 erant,
971 1365 1153 1425 'sustinuere

131 1459 280 1540 cenerarii
292 1459 433 1536 lacrymas
443 1456 538 1532 etiam,
547 1455 724 1534 poenitentiae
734 1456 1063 1536 indices,proiuderunt:
1079 1460 1152 1519 adea

55 1526 268 1613 &Nemnis
280 1553 405 1633 ingeniis
418 1560 521 1629 parata
533 1552 680 1611 simulatio
701 1560 752 1613 est.
814 1554 940 1614 ⁸Prcces
960 1555 1073 1631 deinde,
1088 1574 1153 1632 sup·

131 1650 250 1728 pliciter
263 1650 396 1724 admotae,
410 1648 540 1722 Darium,
554 1652 661 1706 nature
675 1648 834 1726 simplicem
848 1657 878 1708 et
897 1649 1005 1725 mitem,
1019 1670 1076 1709 non
1095 1670 1152 1709 crc-

132 1746 204 1804 dere
216 1745 302 1803 modd
314 1764 379 1823 quae
393 1743 579 1817 affirmabant,
594 1743 745 1801 sedetiam
759 1745 826 1804 flere
840 1751 1003 1823 co'e'gerunt
1058 1746 1104 1805 Aa
1116 1762 1152 1804 nc

132 1848 199 1899 tum
210 1839 326 1918 quidem
338 1838 459 1917 cogitati
480 1836 597 1897 sceleris
617 1837 762 1915 poenituit,
783 1840 851 1896 edm
873 1837 1061 1915 intuerentur,
1084 1858 1151 1919 qua·

133 1920 193 1994 lem
206 1942 236 1993 et
249 1933 359 2013 Regem
372 1941 402 1992 et
416 1932 511 1992 virum
524 1931 667 1991 fallerent.
729 1931 787 1991 Ille
801 1932 915 2011 quidem
928 1935 937 1961 ⁹
949 1952 1065 1993 securus
1078 1934 1153 2012 peri·

57 2019 195 2089 deventi
218 2029 296 2109 quod
328 2028 463 2103 instabat,
485 2026 647 2086 Alexandri
680 2046 790 2103 manus,
821 2047 891 2107 quas
914 2028 990 2087 solas
1023 2029 1151 2105 timebat,

133 2126 258 2204 effugere
272 2123 452 2203 properabat.
685 2184 690 2198 ,

125 2226 133 2236 ⁸
196 2221 253 2280 XI.
276 2225 323 2280 29.
345 2220 456 2279 Patron
478 2226 574 2278 autem
595 2217 765 2282 'Graecorum
789 2219 848 2278 dux
869 2220 1006 2297 praecepit
1027 2219 1096 2295 suis,
1117 2227 1152 2278 ut

133 2337 215 2376 arma
228 2337 293 2396 qnae
303 2317 336 2373 in
350 2315 472 2374 sarcinis
491 2317 580 2373 antea
592 2314 759 2374 ferebantur
771 2315 933 2392 induerent,
947 2316 984 2374 ad
1005 2336 1087 2376 omne
1100 2316 1151 2374 inr-

131 2413 247 2491 perium
260 2432 342 2470 suum
356 2411 459 2488 parati,
472 2417 502 2469 et
515 2410 628 2469 intenti.
664 2409 732 2488 Ipse
745 2429 860 2468 murum
871 2411 1151 2490 Regisscquebatur,
1187 2469 1193 2482 ,

52 2497 297 2590 W¹ocoasioni
318 2507 472 2564 imminens
495 2505 660 2584 alloquendi
682 2525 765 2583 cum3
795 2505 901 2585 quippe
928 2506 1013 2566 Bessi
1039 2507 1151 2568 facinus

135 2609 336 2681 praesenserat.
388 2600 447 2661 Sed
461 2600 571 2659 Bessus
592 2601 624 2658 id
647 2601 742 2678 ipsum
765 2608 905 2675 metuens,
930 2609 1028 2661 eustos
1051 2603 1151 2662 verinis

132 2701 222 2779 qnam
235 2716 338 2773 comes,
352 2717 370 2755 a
383 2715 470 2780 curru
483 2716 541 2755 non
554 2696 713 2757 recedebat.
756 2696 816 2755 Did
831 2698 900 2775 crgb
915 2696 1025 2756 Patron
1037 2705 1151 2756 cuncta·

133 2801 192 2869 tus,
215 2812 249 2851 ac
268 2792 396 2870 'saepids
419 2811 548 2851 sermone
574 2799 716 2867 revocato,
739 2791 815 2850 inter
848 2789 931 2849 fidem
964 2792 1150 2872 timoremque

133 2885 281 2963 haesitans,
297 2889 409 2966 Regem
421 2887 597 2946 intuebatur.
653 2885 712 2956 Qui
726 2894 761 2945 ut
774 2886 891 2944 tandem
905 2886 1030 2946 advertit
1042 2889 1149 2964 oculos,

57 2955 126 3050 ile.
134 2985 282 3044 Bubacem
297 2983 451 3060 spadonem
462 2983 538 3041 inter
551 2983 695 3059 proximos
708 3001 823 3042 currum
835 2990 1000 3061 sequentem
1019 3003 1150 3061 percunc-

133 3081 192 3159 tari
205 3080 299 3158 jubet,
312 3077 464 3157 numquid
477 3077 535 3156 ipsi
557 3078 630 3137 velit
653 3077 768 3136 dicere?
831 3079 942 3138 Patron
964 3099 994 3138 se
1007 3081 1084 3155 verb,
1099 3079 1150 3140 sed

134 3164 253 3236 remotis
266 3174 393 3249 arbitris,
407 3174 486 3253 loqui
499 3175 574 3233 velle
587 3195 652 3232 eum
666 3193 700 3232 ec
714 3174 869 3252 respondit
912 3175 935 3233 J
936 3193 1076 3255 nasusque
1085 3195 1150 3253 pro·

134 3273 200 3350 pins
213 3270 355 3344 accedere,
369 3271 431 3328 sine
446 3271 604 3347 interprete
626 3270 710 3347 (nam
723 3270 800 3330 haud
818 3270 899 3329 rudis
913 3270 1023 3332 Graeeae
1041 3271 1149 3348 linguae

134 3367 242 3426 Darius
254 3369 339 3443 erat),
362 3368 378 3398 “
390 3364 484 3439 Rex,'’
498 3365 602 3442 inquit,
629 3369 646 3399 “
661 3384 698 3423 ex
710 3353 918 3445 quinquaginta
928 3366 1057 3426 millibus
1071 3364 1150 3425 Grae·

13 3452 14 3459 '
58 3417 229 3520 (fessorum
252 3478 437 3537 supersumus
459 3461 552 3535 pauci,
566 3479 664 3518 omnes
685 3459 809 3520 fortunae
830 3468 890 3522 tuae
910 3460 1048 3518 comites:
1069 3459 1151 3518 etin

133 3556 187 3615 boo
200 3565 253 3614 tuo
267 3561 346 3612 statu
359 3553 454 3629 iidem,
468 3554 519 3632 qui
537 3556 654 3614 florente
674 3562 704 3612 te
724 3555 839 3630 fuimus,
860 3573 1047 3633 quascumque
1067 3553 1150 3612 sedes

39 3682 42 3686 ⁸
134 3651 265 3731 elegeris,
280 3668 331 3726 pro
351 3648 449 3725 patria
468 3656 500 3708 et
520 3648 685 3708 domesticis
703 3649 788 3710 rebus
809 3649 939 3726 petituri.
1013 3647 1150 3708 secunde

133 3746 316 3824 adversaeque
330 3763 377 3803 res
390 3750 450 3803 tuse
470 3744 640 3821 copulavere
660 3763 713 3803 nos
733 3752 837 3803 tecum.
899 3742 958 3802 Per
977 3742 1051 3800 banc
1063 3742 1150 3802 fidem

132 3842 269 3904 invictam
283 3859 334 3900 oro
355 3846 387 3898 ct
406 3839 543 3915 obtestor,
558 3839 589 3898 in
609 3839 717 3900 nostris
739 3838 842 3898 castris
859 3837 917 3899 tibi
935 3837 1168 3898 tabernaculum
