2592 4400
176 326 236 389 loo
524 342 665 395 eursrr
691 342 830 383 conrii

170 484 264 563 magis
275 480 397 558 lmdnnt,
411 482 432 513 ¹³
439 481 529 561 quim
540 480 621 561 qubd
634 482 779 561 Amyntas
788 480 938 541 Perdiccae
949 478 1028 541 lilius
1037 480 1193 543 insidiatus

171 586 217 638 ast
230 576 306 657 Regi
318 596 325 637 :
345 596 410 635 cum
422 594 481 655 qno
492 576 570 656 qood
582 575 709 636 amicitis
721 576 812 636 inerit
822 574 903 651 milri,
912 595 970 635 non
983 596 1086 637 recuso
1095 576 1192 643 deien-

172 672 248 747 dere,
262 672 288 731 si
303 672 450 731 ¹·fntrem
462 671 554 751 Regis
565 690 625 731 non
637 672 768 750 oportuit
777 670 861 751 diligi
871 691 890 729 a
901 671 992 731 nobis
1025 670 1080 732 Sin
1093 679 1194 731 autem

171 767 202 826 in
223 766 276 825 illo
296 766 420 825 fortunae
439 766 531 845 gredo
551 766 679 845 positum
694 766 811 826 ²'etitem
832 766 961 826 venerari
982 784 1097 825 necesse
1117 773 1192 841 erat,

170 866 280 939 utrum,
301 880 407 941 queso,
428 861 506 941 qnod
525 880 584 921 non
604 860 825 939 didcerimus
845 860 933 922 sum?
972 861 1023 921 An
1035 862 1194 939 impiorum

169 956 270 1017 amicis
291 956 453 1018 insontibus
471 976 583 1035 quoqne
602 956 784 1015 moriendum
803 956 872 1017 esti
911 957 930 985 ’⁸
941 955 1024 1027 Quod
1037 957 1062 1015 si
1075 976 1195 1035 Quum

170 1063 223 1130 est,
236 1074 288 1113 cur
300 1060 361 1113 tam
375 1052 428 1111 did
441 1052 533 1113 rioci
552 1052 578 1111 si
590 1053 741 1129 injustum,
752 1072 802 1111 cur
812 1072 887 1113 nunc
899 1052 1012 1111 demum
1023 1051 1163 1111 occidor?
1174 1054 1193 1085 ’²

230 1154 249 1183 ‘⁴
260 1151 280 1179 ¹¹
290 1149 336 1208 At
348 1148 426 1207 enirn
439 1148 550 1225 scripsi,
563 1148 694 1209 misereri
715 1166 761 1207 me
779 1166 887 1223 eornm,
908 1147 1013 1226 quibus
1033 1147 1195 1207 vivendum

170 1252 247 1305 usot
258 1246 313 1303 sub
325 1262 369 1318 eo,
383 1244 434 1321 qui
446 1262 477 1302 se
490 1242 577 1303 Jovis
595 1243 689 1302 lilium
708 1242 846 1303 crederet
902 1241 1021 1301 ”Fides
1040 1242 1194 1319 amicitiae,

170 1340 232 1400 veri
246 1338 360 1399 consilii
378 1338 540 1415 periculosa
558 1338 688 1414 libertos,
706 1356 758 1399 vos
779 1358 825 1397 me
847 1337 1019 1417 decepistis!
1040 1356 1100 1415 vos,
1120 1360 1195 1417 ques

170 1433 336 1508 sentiebam,
349 1452 386 1491 ne
398 1432 557 1509 reticerem,
570 1432 744 1511 impulistis!
792 1432 948 1511 Scripsisse
961 1452 1008 1492 me
1018 1433 1081 1493 haec
1091 1434 1196 1495 fateor

171 1528 287 1608 ”Regi
301 1547 359 1587 non
373 1526 409 1585 de
422 1527 506 1606 Rege
529 1529 687 1606 scripsisse.
734 1528 755 1557 '⁴
769 1528 837 1588 Non
860 1529 936 1588 enim
959 1528 1102 1589 faciebam
1115 1529 1194 1589 invi-

173 1623 261 1696 diam,
282 1622 334 1682 sed
354 1640 408 1699 pro
431 1640 466 1680 ec
488 1622 635 1682 timebam.
678 1621 801 1700 Dignior
823 1622 896 1682 mihi
918 1621 1089 1681 Alexander
1108 1623 1194 1683 vide

170 1718 259 1781 batur
270 1718 323 1797 qui
335 1717 423 1777 Jovis
446 1716 567 1795 stirpem
581 1717 691 1775 tacitus
715 1724 892 1795 agnosceret,
905 1718 994 1795 qudm
1007 1718 1058 1797 qui
1081 1720 1194 1795 praedi-

171 1815 284 1875 catione
308 1816 442 1891 J'sctaret.
485 1811 545 1873 Sed
571 1812 708 1891 quoniam
733 1812 843 1871 oraculi
869 1812 941 1871 fides
969 1820 1049 1871 certa
1071 1820 1126 1888 est,
1147 1816 1194 1873 sit

172 1911 253 1972 Deus
266 1928 361 1969 musae
380 1927 454 1967 mem
469 1907 561 1965 testis.
604 1906 742 1966 Betinote
766 1926 811 1965 me
835 1908 865 1965 in
878 1906 1014 1982 vinculis,
1029 1908 1101 1968 ddm
1123 1929 1194 1969 oon·

171 2006 279 2066 solitar
304 2004 450 2064 Hammon
463 2002 523 2059 '‘in
536 2021 674 2060 arcanum
689 2009 720 2061 et
740 2002 886 2061 occultum
901 2002 1002 2064 scelus.
1058 2004 1192 2065 Interim

170 2101 222 2181 qui
236 2100 348 2178 Regem
370 2104 502 2157 nostrum
525 2096 661 2175 dignatus
675 2104 721 2155 est
742 2097 842 2174 lilium,
862 2097 1006 2156 neminem
1021 2118 1122 2159 eorum
1136 2102 1192 2179 qui

171 2195 258 2274 stirpi
271 2215 333 2254 sum
345 2193 476 2253 insidiati
486 2201 563 2268 sunt,
577 2193 671 2253 latere
684 2193 822 2274 patietur.
866 2193 899 2255 si
919 2194 1044 2254 certiore
1058 2196 1191 2256 oraculis

171 2290 292 2350 creditis
314 2308 378 2348 esse
400 2297 554 2364 tormenta,
568 2309 606 2348 no
619 2289 721 2349 ”hauc
735 2289 851 2369 quidem
866 2289 1037 2350 exhibendae
1050 2292 1190 2352 veritetis

171 2385 258 2444 fidem
271 2385 434 2462 deprecor.”

232 2479 365 2539 “Solent
390 2480 436 2538 rei
462 2480 564 2557 cepitis
597 2479 735 2540 adhibere
762 2481 845 2542 vobis
874 2480 1047 2558 ”parentes
1104 2482 1188 2544 Duos

171 2574 277 2635 iratres
298 2593 352 2654 ege
365 2595 458 2652 nuper
481 2576 583 2634 amisi:
604 2583 717 2653 petrem
738 2595 791 2635 nec
812 2576 964 2636 ostendere
984 2595 1112 2654 possum,
1133 2599 1188 2638 nec

171 2671 304 2732 invocaro
318 2670 419 2746 audeo,
433 2672 501 2729 edm
514 2670 619 2748 etipse
634 2671 710 2728 tanti
723 2671 852 2730 criminis
866 2691 932 2730 reus
947 2671 994 2731 sit.
1036 2672 1057 2700 ¹⁶
1067 2672 1186 2733 Pardm

171 2776 218 2828 est
230 2769 307 2828 enim
322 2775 367 2826 tot
379 2766 465 2826 modd
478 2766 637 2826 liberorum
659 2773 817 2844 parentem,
832 2767 862 2825 in
876 2767 960 2826 unico
982 2767 1043 2826 lilio
1058 2770 1187 2848 nequies

171 2871 293 2938 centem,
315 2883 350 2922 ec
370 2883 484 2942 quoqne
506 2861 612 2935 orbari,
634 2865 667 2919 ni
690 2861 802 2940 ipsein
824 2881 925 2941 rogum
947 2883 1043 2923 meum
1066 2864 1206 2943 imponi.

173 2966 229 3018 tur.
293 2958 383 3035 Ergd
409 2958 555 3017 carissime
581 2963 674 3035 pater,
691 2964 733 3015 ·et
759 2964 877 3035 propter
910 2977 956 3016 mc
982 2959 1125 3034 morieris,
1155 2967 1186 3020 et
1275 2949 1276 3024 ἦ

172 3072 292 3112 mecum.
336 3053 401 3130 Ego
422 3052 478 3112 tibi
489 3052 580 3113 vitam
601 3052 707 3127 adimo,
722 3071 775 3132 ego
790 3060 968 3112 senectutem
990 3059 1070 3112 tu'am
1091 3056 1184 3114 extin-

171 3166 236 3226 guo.
289 3147 310 3176 ¹·
318 3146 399 3217 Quid
422 3148 499 3205 enim
522 3166 569 3206 me
592 3147 764 3226 procreabas
790 3148 935 3209 infelicem
962 3149 1185 3211 adversantibus

172 3242 261 3302 nitet
282 3261 320 3300 an
338 3248 372 3300 nt
393 3241 446 3299 hos
468 3260 505 3300 ex
527 3261 574 3301 me
596 3243 711 3302 fructus
732 3245 904 3323 perciperes,
918 3245 970 3324 qui
991 3252 1019 3304 te
1039 3247 1185 3306 manent?

173 3337 281 3398 Nescio
305 3357 342 3396 an
364 3337 559 3396 adolescentis
581 3358 645 3397 mea
670 3340 803 3398 miserior
830 3341 878 3416 sit,
900 3361 936 3399 an
963 3347 1097 3400 senectus
1122 3350 1182 3402 tua

176 3433 238 3514 Ego
251 3433 282 3492 in
304 3433 368 3511 ipso
380 3432 484 3492 roboro
497 3433 595 3491 estatis
608 3434 730 3512 eripior:
752 3435 807 3496 tibi
828 3435 957 3495 carnifex
972 3436 1108 3514 spiritum
1123 3437 1183 3497 adi·

171 3539 240 3605 met,
254 3549 340 3608 quem
353 3529 379 3589 si
392 3528 510 3588 fortuna
521 3528 541 3556 ¹⁰
549 3538 701 3606 expectare
714 3530 864 3606 voluisset,
873 3538 978 3590 nature
987 3533 1183 3609 reposcebat’'

230 3624 249 3652 ⁸¹
262 3623 453 3684 “Admonuit
482 3643 529 3682 me
556 3624 648 3701 patris
681 3645 727 3684 me
754 3625 872 3702 mentio,
902 3626 991 3705 qudm
1021 3627 1125 3686 timide
1153 3636 1183 3688 et

171 3727 347 3795 cunctanter,
369 3740 434 3800 quae
458 3717 615 3781 Cebalinus
629 3719 774 3780 detulerat
787 3722 824 3782 ad
847 3741 902 3795 me,
928 3721 1056 3780 indicare
1077 3723 1183 3784 debue-

170 3815 234 3874 rim.
284 3815 441 3876 Parmenio
467 3815 545 3875 enim
571 3816 640 3874 cdm
667 3815 801 3876 audisset
825 3835 968 3878 venenum
995 3837 1014 3876 a
1041 3818 1179 3898 Philippo

1277 426 1280 525 l
