2592 4400
388 439 519 483 arsen.
539 440 612 483 uri.
641 440 725 483 oss.
756 441 789 483 x.
1043 424 1095 485 1⁷1

89 555 250 641 dissitum
282 575 373 635 fuisse
404 578 596 654 respondent:
624 597 700 637 nuno
727 599 745 637 a
771 582 853 638 tanto
880 578 963 657 Rege
989 578 1098 639 viatore

90 670 217 729 omnium
229 670 360 747 gentium
381 671 540 747 majoribus
561 672 622 732 suis
643 662 782 746 redditod,
796 673 946 733 honestam
967 681 1097 747 mortem,

91 783 175 842 qnam
199 766 289 823 fortes
313 765 371 824 viri
394 773 464 825 voto
487 786 600 844 quoque
627 773 805 843 expeterent,
832 768 1024 828 ¹oarminibus
1052 770 1098 827 sui

91 860 176 917 moris
197 860 361 937 laetitidque
384 858 535 920 e'elebmre.
590 861 665 922 Tum
690 861 757 921 Rex
778 862 937 925 admiratus
957 864 1096 941 magnitu-

91 952 184 1013 dinem
198 954 296 1026 animi,
311 958 329 987 “
342 953 585 1033 Quaero·itaque,”
607 956 711 1033 inquit,
734 960 751 989 “
760 976 797 1015 on
811 956 911 1017 virere
924 958 1020 1019 velitis
1040 977 1098 1018 non

90 1048 196 1108 inimici
209 1048 291 1123 mihi,
304 1050 388 1124 eujus
401 1049 539 1111 benefieio
552 1049 658 1108 vieturi
671 1050 744 1111 estis
754 1049 767 1107 t
776 1050 793 1081 ”
835 1049 887 1111 Illi
906 1053 1053 1128 nunquam
1066 1072 1098 1111 ss

91 1142 239 1201 'inimicos
262 1144 299 1219 ei,
324 1145 376 1202 sed
399 1143 476 1204 bello
493 1143 657 1217 lsoessitos,
680 1144 778 1203 hostes
802 1144 892 1205 fuisse
914 1146 1095 1223 respondent

91 1235 201 1314 Siquis
223 1238 302 1314 ipsos
325 1238 473 1314 bonefisio,
487 1238 575 1315 qulam
598 1238 707 1315 injuria
721 1239 847 1315 experiri
866 1240 1026 1313 maluisset,
1040 1260 1098 1299 eor

91 1339 200 1391 tuturos
223 1332 314 1391 fnisse
337 1352 375 1391 ne
399 1333 585 1394 vincerentur
606 1333 706 1391 efficio.
757 1334 1018 1412 Interrogantique,
1039 1354 1096 1413 quo

90 1427 207 1504 pignore
219 1427 307 1487 fidem
320 1427 478 1509 obligaturi
492 1434 606 1502 essent;
628 1427 727 1502 vitam,
741 1448 827 1507 quam
848 1429 1020 1506 reciperent,
1035 1430 1094 1509 pig·

92 1521 295 1585 norituturam
313 1537 376 1580 esse
399 1521 549 1596 dixerunt3
570 1522 745 1595 reddituros,
765 1524 1003 1602 quaudooumque
1017 1544 1095 1601 repa·

91 1619 181 1678 tissot
223 1616 288 1675 Neo
301 1615 473 1692 promissum
493 1616 665 1677 fefellerunt.
708 1617 785 1677 Nam
798 1618 848 1696 qni
867 1619 981 1679 remissi
996 1620 1096 1679 domos

91 1709 188 1783 ierant,
203 1711 235 1772 in
249 1710 307 1768 lide
319 1710 489 1769 continuere
509 1710 671 1788 populares.
714 1710 846 1781 Quotnor
868 1712 944 1771 inter
963 1713 1097 1773 custodes

89 1806 215 1881 eorporis
239 1805 348 1863 retenti
377 1804 453 1863 nulli
478 1804 671 1864 Maeedonum
694 1806 724 1866 in
746 1805 857 1883 Regem
878 1806 1019 1867 charitate
1041 1825 1097 1867 oes-

92 1906 197 1959 serunt.

146 1999 192 2054 38.
214 1994 254 2054 In
278 1991 432 2071 Sogdianis
455 1993 600 2056 Peucolao
614 2012 681 2052 oum
703 1993 798 2052 tribus
823 1992 954 2059 millibus
968 1993 1098 2071 peditum

91 2089 289 2169 (nequeenim
311 2091 421 2166 majore
443 2088 582 2166 praesidio
606 2087 769 2167 indigebat)
791 2088 901 2162 relioto,
917 2088 1025 2149 Baotre
1037 2109 1097 2167 per·

91 2186 177 2251 venit,
217 2184 294 2245 Inde
318 2184 443 2244 Bessum
467 2184 618 2252 Ecbatana
639 2183 708 2243 duoi
728 2183 826 2261 jussit,
841 2184 993 2247 interfecto
1008 2184 1097 2244 Dorio

87 2299 185 2357 poenus
197 2280 295 2358 eapite
317 2279 541 2358 persoluturum.
585 2278 697 2339 Iisdem
721 2280 782 2338 ferd
803 2279 907 2341 diebus
921 2279 1098 2342 Ptolomeus

93 2382 121 2432 ot
133 2375 269 2440 Menidas
289 2375 422 2452 peditum
443 2373 503 2432 tria
525 2373 626 2447 millia,
640 2380 671 2432 et
685 2374 796 2452 equites
818 2374 1098 2436 mille-adduxerrmt

92 2471 217 2538 meroede¹
240 2468 435 2530 militaturos:
456 2468 626 2528 Alexander
651 2489 765 2548 quoque
788 2489 825 2528 es
848 2469 940 2546 Lyoid
956 2489 1020 2528 oum
1034 2470 1098 2548 pari

92 2583 206 2624 numero
229 2564 369 2643 peditum,
394 2570 427 2621 et
451 2562 622 2641 quingentis
651 2563 799 2641 equitibus
819 2565 906 2624 venit.
963 2565 1098 2623 Totidem

93 2677 108 2717 e
130 2659 216 2737 Syris
237 2658 480 2736 Asclepiodorum
502 2658 703 2734 sequebantur.
746 2659 907 2736 Antipater
931 2658 1098 2718 Graeoorum

93 2761 154 2814 outo
167 2755 268 2827 millia,
282 2753 313 2812 in
326 2753 409 2830 queis
421 2753 572 2830 quingenti
586 2753 699 2830 equites
720 2759 811 2826 erant,
825 2753 950 2811 miserat
993 2752 1098 2828 Itaque

93 2851 217 2911 exereitu
243 2856 337 2920 aneto,
365 2848 403 2906 ad
425 2868 469 2921 ee,
495 2867 560 2925 qum
580 2848 742 2906 defectione
770 2847 886 2906 turbata
906 2853 1000 2920 erant,
1024 2865 1098 2906 eom·

93 2945 220 3020 ponenda
232 2943 392 3022 prooessit:
414 2941 631 3019 interfectisque
646 2942 656 2969 ¹
668 2940 908 3000 consternationis
921 2941 1096 3016 eustoribus,

93 3047 192 3116 quarto
206 3039 256 3097 die
269 3038 306 3095 ad
327 3037 434 3095 flumen
449 3036 547 3096 Oxum
560 3043 731 3113 perventum
755 3041 817 3094 est:
838 3034 895 3109 hio,
915 3034 984 3114 quia
997 3035 1098 3104 limum

95 3133 179 3203 vehit,
193 3132 332 3192 turbidus
346 3151 458 3209 semper
471 3139 502 3188 et
516 3130 674 3190 insalubris
688 3136 733 3188 est
757 3135 836 3206 potu.
878 3129 982 3208 Itaque
996 3137 1099 3208 puteos

95 3227 174 3286 miles
186 3234 314 3305 ooeperat
325 3226 432 3284 fodere.
475 3223 505 3282 N
507 3243 539 3283 eo
555 3231 650 3282 tamen
664 3225 750 3285 humo
766 3223 825 3282 altd
840 3227 941 3302 egesta
954 3225 1100 3285 existebat

96 3320 202 3396 humor,
216 3323 286 3381 oum
309 3321 340 3378 in
360 3320 425 3397 ipso
439 3318 625 3379 tabernaculo
639 3318 731 3396 Regis
756 3327 927 3396 conspectus
950 3327 995 3378 est
1015 3321 1098 3380 fons:

96 3435 185 3493 quem,
198 3417 269 3495 quia
281 3415 365 3474 tarde
378 3421 557 3488 notaverant,
571 3413 669 3472 subite
683 3414 818 3474 extitisse
830 3415 985 3474 finxerunt.
1023 3415 1099 3474 Rex·

97 3528 148 3586 que
162 3511 223 3587 ipse
236 3509 317 3569 erodi
330 3508 553 3582 voluit-donum
566 3507 622 3580 Dei
636 3507 667 3566 id
681 3507 780 3584 fuisse
831 3505 981 3586 Superatis
996 3508 1100 3567 deinde

98 3604 225 3665 amnibus
241 3604 324 3679 Ooho
337 3610 368 3662 et
383 3602 457 3677 Oxo,
472 3602 508 3661 ad
522 3601 623 3661 urbem
637 3602 815 3678 Marginiam
834 3601 973 3678 pervenit
1018 3601 1103 3662 (lires

100 3718 158 3758 eum
179 3719 231 3758 sex
253 3698 368 3776 oppidis
390 3697 548 3756 oondendis
574 3696 666 3754 electa
690 3696 772 3754 sedes
786 3702 835 3753 est.
879 3694 944 3752 Duo
959 3694 996 3752 sd
1020 3695 1102 3754 rneri-

100 3791 171 3850 diem
190 3812 283 3866 versa,
305 3800 429 3870 quatuor
454 3789 614 3869 spectantia
640 3784 799 3858 Orientem,
824 3786 944 3846 modieis
970 3787 1046 3864 inter
1074 3807 1104 3848 se

101 3888 199 3963 spatiis
238 3887 395 3959 distabant,
429 3905 465 3944 ne
499 3883 599 3962 prooul
632 3882 821 3962 repetendum
861 3888 939 3940 esset
955 3947 958 3952 ,
973 3889 1106 3942 mutuum
