2592 4400
183 424 245 483 Μ
533 436 673 488 cerunt
700 436 840 479 cunrrr
903 478 904 483 ,

180 579 249 639 and
275 576 339 639 ridi
365 574 608 650 contendentium,
634 576 685 655 qui
718 574 900 653 potissimum
924 572 1070 637 vulnerati
1103 574 1202 657 Regis

180 692 285 751 corpus
308 671 495 750 exciperent?
544 670 694 746 Desertus,
718 670 875 731 destitutus
897 689 970 745 sum,
994 670 1127 733 hostibus
1149 673 1201 731 de·

79 774 83 781 '
179 767 266 829 uitus
308 767 367 829 Sed
380 766 459 826 solus
470 785 584 846 quoque
597 766 640 825 ire
653 764 846 843 perseverabo.
890 764 1020 842 Objieite
1032 786 1079 825 me
1102 767 1202 825 dumi·

178 863 265 922 nibus
290 869 321 921 et
343 860 455 936 belluis,
479 868 510 919 et
529 860 590 919 illis
613 860 758 938 gentibus,
778 880 900 937 quarum
921 860 1038 919 nemina
1059 859 1199 923 horretis.

179 956 329 1017 Inveniam
354 956 407 1035 qui
433 954 581 1016 desertum
606 975 625 1013 a
646 954 730 1015 vobis
757 962 921 1034 sequantur.
977 954 1094 1033 Scythae
1121 955 1200 1015 Bac-

178 1054 320 1133 trianique
341 1059 425 1113 erunt
444 1071 564 1127 mecum,
584 1051 682 1110 hostes
703 1050 792 1128 paulc
805 1051 884 1125 ante,
904 1070 979 1110 nunc
999 1051 1107 1111 milites
1129 1071 1201 1111 nns-
1287 1112 1288 1123 ,

177 1149 226 1207 tri
284 1148 366 1229 Mori
398 1154 526 1225 precer,
559 1147 579 1175 ¹¹
593 1148 681 1225 quern
714 1146 844 1223 precarid
878 1146 1087 1224 Imperatorem
1119 1164 1198 1206 esse.
1287 1134 1288 1147 ¹

178 1242 226 1304 Ite
245 1244 364 1303 reduces
376 1243 484 1317 domos,
498 1242 541 1301 ite
550 1241 663 1301 deserto
677 1240 758 1321 Rege
772 1248 898 1301 ovantes.
941 1242 1005 1321 Ego
1018 1241 1065 1301 hic
1079 1261 1097 1299 a
1110 1242 1200 1302 vobis
1285 1230 1286 1241 ¹

177 1338 337 1415 desperatus
348 1336 487 1411 victoria,
501 1342 553 1394 aut
565 1335 695 1397 honestae
708 1335 795 1397 morti
808 1335 904 1395 locum
916 1335 1086 1395 inveniem''

236 1432 299 1491 ΙΙΙ,
321 1435 348 1493 8.
370 1430 417 1490 Ne
435 1431 609 1509 sicquidem
631 1430 687 1490 ulli
709 1430 834 1491 militum
857 1450 915 1491 vox
938 1429 1061 1507 exprimi
1084 1431 1199 1508 potuit.

178 1525 393 1603 Exspectabant
404 1534 439 1584 ut
452 1526 539 1585 duces
552 1528 749 1605 principesque
762 1526 800 1585 ad
824 1526 934 1605 Regem
947 1526 1117 1603 perferrent,
1131 1528 1200 1587 vnl-

177 1620 294 1681 neribus
315 1628 346 1680 et
366 1621 502 1681 continue
522 1620 622 1680 labore
643 1620 757 1681 milities
779 1621 916 1700 fatigatos
938 1623 1012 1679 1ιιοιι
1032 1620 1201 1683 detrectare

177 1716 284 1792 munia,
298 1716 349 1775 sed
369 1717 511 1776 suminere
531 1736 590 1775 nen
610 1736 701 1793 pesse.
744 1714 892 1777 Ooeterdm
911 1715 956 1775 illi
976 1722 1055 1775 metu
1070 1717 1201 1777 attoniti

177 1810 209 1870 in
223 1819 330 1871 terram
342 1832 392 1871 ora
404 1811 570 1871 defixerant
611 1810 710 1890 Igitur
728 1812 823 1889 prime
838 1811 992 1872 ’fremitus
1010 1814 1064 1869 sut
1078 1818 1199 1888 sponte,

177 1905 282 1966 deinde
315 1908 442 1987 gemitus
470 1926 584 1985 quoque
609 1907 710 1981 oritur,
738 1906 934 1985 paulatimque
961 1905 1083 1967 liberius
1110 1906 1200 1967 dolor

177 2002 269 2081 'erigi
282 2004 378 2079 coepit,
388 2001 574 2061 manantibus
594 2001 738 2079 lacrymis,
752 2000 823 2059 adeo
837 2008 870 2060 ut
890 2001 964 2076 Rex,
978 2002 1023 2059 ire
1038 2002 1069 2061 in
1081 2001 1198 2061 miseri·

177 2098 305 2156 cordiam
318 2101 411 2172 verse,
425 2116 462 2155 ne
475 2096 537 2173 ipsc
549 2096 675 2175 quidem,
689 2099 853 2175 quanqudm
873 2104 998 2173 cuperet,
1013 2096 1198 2174 ‘temperare

177 2192 270 2251 oculis
293 2192 429 2270 potuerit
480 2190 607 2251 Tandem
630 2192 766 2252 universi
788 2191 922 2252 concione
950 2192 1071 2252 effusius
1096 2193 1196 2270 flente,

178 2285 285 2347 Ocnus
298 2306 387 2346 ausus
399 2294 453 2362 est,
466 2287 669 2347 cunctantibus
690 2287 813 2363 ceteris,
826 2287 943 2365 propiis
965 2286 1092 2347 tribunal
1112 2307 1196 2348 ecce-

177 2376 437 2459 dere,'significnns
458 2401 490 2461 se
511 2381 592 2459 loqui
611 2382 694 2442 velle.
736 2380 830 2453 Quem
851 2389 885 2440 ut
897 2381 995 2443 videre
1014 2382 1123 2441 milites
1144 2383 1195 2442 de-

177 2474 340 2534 trahentem
359 2475 470 2554 galeam
492 2475 590 2553 cupiti,
612 2476 667 2552 (ite
689 2476 766 2534 enim
786 2475 897 2555 Regem
916 2476 1025 2556 alloqui
1051 2495 1113 2536 mos
1133 2478 1193 2556 cst)

176 2569 290 2628 hortari
302 2577 457 2647 ceperunt,
471 2577 505 2628 ιιι
518 2589 633 2628 causam
646 2571 792 2630 exercitus
806 2577 910 2649 egeret.

237 2664 312 2724 uum
325 2664 441 2740 (icenus,
465 2664 544 2724 “Dii
563 2665 762 2741 prohibeant,''
787 2665 888 2744 inquit,
910 2665 1053 2726 “anobis
1067 2665 1192 2743 ‘impias
1287 2643 1288 2722 Ῐ

175 2767 296 2835 mentes,
319 2768 350 2818 et
371 2762 500 2840 profectd
521 2760 682 2838 prohibent
724 2761 827 2820 ‘Idem
853 2761 965 2821 enimus
988 2767 1033 2820 c'st
1058 2761 1118 2820 tuis
1137 2762 1192 2840 qui

157 2857 234 2948 ,fuit
255 2875 375 2935 semper,
398 2856 443 2914 ire
466 2858 524 2935 qud
542 2856 674 2932 jusseris,
697 2875 833 2934 pugnare,
854 2856 1021 2934 periclitari,
1049 2857 1190 2935 sangnine

175 2963 273 3015 nostro
296 2955 495 3014 commendere
520 2953 686 3031 posteritati
713 2961 796 3012 tuum
821 2973 932 3014 nomen.
984 2953 1130 3014 'Proinde
1162 2953 1189 3016 si

175 3067 351 3127 perseveras,
364 3050 486 3109 inermes
507 3069 625 3128 qnoque,
648 3055 678 3108 ct
698 3048 777 3123 nudi,
794 3055 824 3108 et
844 3067 1010 3128 exsangues,
1033 3057 1189 3128 utcumque

175 3144 232 3203 tibi
244 3144 325 3202 cordi
347 3152 401 3218 eet,
422 3144 578 3223 sequimur,
592 3144 639 3204 vel
660 3143 861 3203 antecedimus.
904 3145 961 3204 Sed
984 3144 1010 3203 si
1030 3144 1188 3204 audirevis

175 3256 232 3296 non
253 3237 336 3297 fictas
358 3246 473 3297 tucrum
495 3239 622 3297 militurn
642 3257 734 3313 voees,
763 3242 862 3299 verim
885 3239 1055 3298 necessitate
1081 3239 1188 3299 ultimi

176 3351 333 3411 expressas,
360 3333 464 3411 proebe,
495 3352 601 3416 queese,
627 3333 767 3412 propitias
800 3352 884 3394 eures
920 3333 1075 3411 imperium
1102 3341 1188 3412 etque
1287 3331 1288 3406 J

175 3427 335 3506 auspicium
352 3435 436 3486 tuum
455 3429 686 3488 constantissime
708 3428 822 3505 secutis,
837 3435 868 3488 et
886 3430 1063 3508 qudcumque
1083 3430 1188 3509 pergis,
1230 3417 1233 3420 ¹
1287 3413 1288 3428 ³

175 3523 346 3584 secuturie'’
1287 3577 1288 3604 ,

191 3631 193 3636 ’
236 3617 381 3693 “Vicieti,
396 3618 470 3692 Rex,
483 3617 682 3695 magnitudine
705 3637 800 3676 rerum
822 3637 880 3676 nen
900 3618 997 3677 hostes
1010 3619 1106 3695 modd,
1121 3619 1191 3680 'sed
1287 3607 1288 3654 ³

174 3714 265 3773 etiam
277 3715 393 3774 milites.
437 3711 587 3791 Quidquid
609 3713 769 3772 mortalitas
782 3715 902 3790 'capere
923 3720 1044 3790 poteret,
1059 3715 1190 3792 implevi·

176 3829 247 3868 mus.
290 3809 424 3870 Emensis
446 3807 538 3866 maria
561 3813 720 3886 terresque,
743 3807 850 3868 melius
870 3809 963 3883 uobis,
976 3801 1192 3886 quem'incolis

175 3903 355 3964 emnianots
368 3911 443 3964 sunt.
485 3903 566 3962 Penei
587 3903 619 3961 in
639 3903 742 3962 ultimo
756 3903 857 3962 mundi
869 3905 924 3964 line
937 3903 1137 3968 consistimus:
1159 3907 1192 3969 in
1235 3978 1241 3986 ,
