2592 4400
167 338 222 397 104
514 352 654 401 Quaeri
681 354 821 397 onerer

86 484 277 570 wehtam
299 510 352 553 nos
373 490 503 569 eorporis
517 492 562 551 tui
583 490 718 553 ouatodee
740 512 803 555 esse
822 493 952 573 patiaris
1016 494 1178 557 Omisimus

162 587 323 651 Graeciam:
343 586 424 645 nulla
435 586 543 647 Baetra
556 594 624 647 sunt
636 586 729 651 nobis.
772 586 845 666 Spes
857 590 951 649 omnis
964 589 994 647 in
1007 595 1049 665 te,
1064 592 1179 673 utinam

108 732 114 739 .
161 691 192 743 et
205 681 362 743 incaeteris
374 680 469 743 eseetl
517 682 609 743 Plura
621 682 682 741 diei
701 701 758 743 non
778 684 892 745 attinet.
934 682 1107 745 Custodiam
1121 706 1179 745 our·

161 778 240 858 poris
253 779 299 837 tui
318 784 455 837 externus
476 782 508 836 et
528 776 688 859 alienigena
708 797 766 837 non
783 779 973 857 deposcerem,
987 780 1013 841 si
1034 782 1180 841 crederem

160 873 251 933 alium
263 892 348 952 posse
360 872 545 951 'praestare’'

92 962 169 1023 555
221 970 269 1031 30.
290 969 399 1029 Bessus
411 986 573 1047 quanquam
585 972 649 1027 eret
667 965 764 1029 (iraeoi
784 968 925 1027 sermonis
938 968 1068 1048 ignarus,
1083 978 1181 1031 temen

161 1063 329 1123 stimulante
350 1063 537 1137 eoueoientid,
558 1062 698 1123 iudieium
719 1062 848 1141 profeotd
869 1063 1025 1123 Patronem
1040 1066 1203 1151 detulisse,

160 1159 314 1221 eredebat:
330 1166 370 1235 et,
384 1157 573 1236 ‘interpretis
585 1156 683 1219 Graeci
693 1158 784 1218 relato
797 1177 935 1232 sermone,
949 1167 1085 1238 exempta
1099 1161 1180 1222 dubi·

161 1255 236 1315 tatio
248 1261 303 1315 eet
344 1253 451 1314 Darius
464 1259 570 1327 autem,
584 1254 730 1331 quantdm
743 1272 780 1313 ex
800 1252 884 1313 vultu
905 1254 1032 1331 conspici
1055 1264 1180 1332 poterat,

159 1340 237 1410 baud
250 1350 319 1409 saud
333 1348 464 1421 territus,
477 1347 658 1425 paranetari
672 1347 800 1409 Patrona
823 1367 937 1407 oaumm
958 1348 1082 1425 consilii,
1103 1351 1181 1429 quod

86 1428 147 1494 [⁶0
159 1444 285 1517 afferret,
298 1442 392 1521 eoepit.
443 1442 502 1502 Ille
518 1462 575 1501 non
594 1441 673 1501 ultrd
694 1442 879 1503 differendum
902 1450 991 1518 ratus,
1013 1448 1030 1478 “
1041 1444 1180 1521 Bessus,”

159 1538 263 1617 iuquit,
277 1541 294 1572 “
305 1544 336 1596 et
349 1536 532 1597 Nabarzanes
545 1537 719 1597 insidiantur
731 1537 803 1615 tibi;
826 1539 836 1567 ⁶
847 1537 878 1597 in
891 1538 994 1597 ultimo
1014 1538 1181 1601 disorirnine

159 1653 191 1693 es
203 1634 327 1694 fortunae
339 1640 370 1693 et
383 1634 459 1695 vitu
520 1633 580 1693 Hie
593 1632 656 1693 dies
676 1640 728 1693 aut
747 1632 910 1712 parrioidis‚
925 1641 974 1693 aut
987 1634 1043 1694 tibi
1062 1636 1180 1696 tuturus

159 1728 310 1789 ultimus.''
371 1730 414 1789 Et
426 1728 538 1796 Patron
549 1728 666 1807 quidem
680 1730 825 1809 ogregiam
838 1730 999 1794 eonserreti
1013 1730 1106 1809 Regis
1119 1733 1179 1810 glo-

158 1810 233 1885 ribm
246 1825 378 1886 'tulerat
440 1823 594 1883 'Eludant
614 1823 685 1881 lieet
705 1823 811 1902 quibus
830 1825 906 1883 forte
927 1826 1035 1885 temerd
1053 1825 1179 1885 humana

93 1906 275 2000 Pttir'egori·
287 1920 367 1981 volvi
380 1919 484 2001 agique
496 1937 667 1997 persumm
687 1925 751 1979 est:
771 1918 924 1998 'equidem
943 1925 1052 1980 aeternd
1074 1922 1178 1981 eonsti-

159 2016 271 2075 tntione
282 2016 454 2077 tradiderim
465 2034 598 2093 nexuque
617 2033 765 2073 eeuoernm
778 2014 939 2089 latentium,
954 2021 984 2073 et
997 2015 1088 2074 multd
1110 2019 1177 2075 antd

160 2109 377 2184 destinatarum,
392 2129 477 2169 suum
489 2128 630 2187 quemque
643 2108 775 2167 ordinem
794 2108 968 2169 immutabili
988 2108 1052 2187 lege
1065 2130 1176 2187 pereur-
1272 2122 1273 2129 ’

157 2224 230 2282 rere.
290 2204 399 2263 Darius
418 2206 499 2265 eerte
519 2202 687 2281 respondit;
706 2207 728 2238 “
742 2203 910 2282 Quanquam
932 2203 988 2264 sibi
1012 2203 1176 2266 Graeoorum

158 2299 286 2372 militurn
304 2298 377 2357 fides
398 2304 468 2357 nota
488 2298 537 2372 sit,
560 2300 709 2376 uunquam
732 2305 830 2358 tamen
857 2318 874 2357 e
901 2298 1088 2378 popularibus
1117 2301 1176 2360 suis
1274 2347 1275 2374 ,

89 2366 344 2476 flemmarum
399 2391 555 2453 omanus
568 2392 625 2453 aar
638 2392 955 2472 aerumnaque
968 2393 1081 2471 deripe
1097 2396 1175 2474 quir.
1274 2381 1275 2406 ¹

157 2488 231 2570 quid
243 2505 308 2548 sors
321 2486 444 2563 tulisset,
458 2488 536 2546 iuter
556 2507 624 2548 auos
643 2488 757 2566 perpeti
777 2488 864 2548 malle
885 2490 973 2567 quam
997 2491 1176 2571 transfugam

157 2584 235 2645 fieri:
256 2585 320 2644 serd
333 2602 364 2644 se
376 2583 480 2661 perire,
494 2583 521 2642 si
534 2582 645 2645 salvum
659 2601 720 2644 esse
742 2583 787 2642 sui
808 2583 914 2644 milites
934 2584 1073 2646 nollent.²’
1120 2587 1174 2646 Pa·

157 2687 224 2740 tren
245 2679 397 2758 desperate
419 2678 513 2738 salute
534 2677 635 2758 Regis,
657 2678 695 2736 ed
716 2697 773 2754 eos,
787 2679 893 2757 quibus
913 2687 1045 2757 praeerat,
1067 2681 1173 2758 rediit,
1274 2671 1275 2688 ³

158 2776 250 2837 omnia
266 2778 339 2854 ‘pro
351 2775 407 2835 fide
420 2773 545 2851 experiri
559 2781 685 2852 peetus

92 2866 177 2957 W
218 2870 294 2932 xri
317 2875 363 2931 ar.
385 2869 429 2929 Aa
450 2869 560 2930 maru
581 2867 729 2928 oernenda
750 2868 884 2946 protinas
905 2868 997 2953 Regis
1019 2869 1175 2949 emptam

158 2972 333 3043 eonoeperat.
375 2964 433 3026 Sed
445 2965 562 3039 veritus,
574 2983 612 3022 ne
630 2965 755 3043 gretiam
768 2963 939 3039 Alexandri,
952 2969 984 3022 nl
999 2965 1099 3024 virum
1111 2985 1174 3026 eum

157 3059 337 3134 tradidisset,
350 3059 494 3120 inirenon
506 3067 612 3136 posset,
623 3058 925 3137 diletoinproxirnam
935 3067 1048 3118 noctem
1059 3061 1174 3122 seeleris
1274 3071 1275 3136 ᾗ

158 3155 287 3230 emino,
301 3173 385 3234 egere
405 3154 515 3232 gratem
532 3154 643 3232 inoipit,
668 3153 745 3233 quoe
766 3155 887 3232 ”perfidi
908 3154 1032 3214 hominis
1046 3155 1173 3230 insidia,

163 3234 225 3330 jam
243 3248 404 3310 Alexandri
424 3267 492 3326 opes
516 3249 682 3327 speoteutis,
696 3249 852 3328 prudenter
873 3250 1013 3328 eeutdque
1034 3251 1172 3312 vittsset:
1274 3243 1275 3274 ³

83 3329 133 3407 ,p
142 3337 266 3406 leonum
289 3363 356 3404 eum
378 3343 455 3404 boeti
475 3341 603 3402 laturum
624 3344 716 3404 fuisse
738 3345 830 3424 Regis
853 3351 957 3422 eaput,
991 3365 1043 3404 neo
1066 3347 1173 3422 mirari,
1274 3401 1275 3418 ,

158 3441 302 3505 bominem
313 3439 444 3500 mercede
457 3437 737 3500 eonduetumomnie
756 3439 861 3500 habere
881 3440 1011 3516 venalia3
1035 3443 1096 3502 siue
1116 3445 1174 3522 pig·
1274 3459 1275 3522 ἦ

159 3556 236 3611 nore,
249 3537 331 3596 'sine
351 3535 421 3609 lare,
443 3541 588 3593 terrarum
608 3533 688 3594 orbis
710 3535 846 3609 exsulem,
861 3534 1034 3612 ⁴ancipitem
1055 3535 1173 3612 hostem,

161 3632 219 3690 lad
230 3628 691 3692 nutumlioeutiumoiroumferri
727 3629 870 3709 Purganti
881 3629 984 3688 deiude
998 3649 1028 3690 ee
1043 3631 1174 3711 Deosque
1274 3647 1275 3704 t

198 3726 270 3786 tries
282 3733 375 3786 testes
393 3725 461 3784 fidei
483 3724 708 3800 euaemvoeenti,
718 3723 826 3784 Darius
848 3725 932 3785 vultu
954 3727 1173 3802 assentiebatur,
1274 3717 1275 3754 ³

81 3805 125 3863 Μ
159 3821 240 3882 haud
252 3820 363 3882 dubius.
375 3821 447 3899 quin
459 3839 529 3882 rere
549 3819 728 3883 deferrentur
750 3839 769 3880 e
790 3819 919 3880 Graecis:
939 3821 991 3880 sed
1005 3821 1058 3880 ⁶ed
1079 3841 1174 3882 rerum
1267 3835 1270 3848 ·
