2592 4400
396 269 572 371 headda

412 375 535 416 arara
565 375 627 415 111.
659 373 746 416 aar.
776 373 867 413 1111.
1103 355 1138 413 st

60 501 83 554 δ’
91 503 222 590 Isaurea
235 531 320 587 vasa,
343 511 423 570 aurei
437 512 532 588 fraeni3
554 512 741 572 tabernacula
759 511 851 590 regali
870 510 1084 590 magnificentia
1097 527 1140 568 or·

135 613 225 682 nata,
247 606 379 664 vehicula
401 626 513 685 quoque
536 627 552 664 a
575 608 635 665 suis
660 607 809 680 destituta,
834 607 959 683 ingentis
984 604 1141 682 opulentiae

134 700 236 778 plena:
258 701 370 759 ¹³fa0ies
385 703 472 758 etiam
486 701 684 777 praedantibna
704 701 807 776 tristis,
821 700 846 758 si
859 721 917 778 qua
930 719 976 758 res
990 699 1141 758 avaritiam
1194 685 1199 692 ¹

134 789 320 854 moraretur(
347 795 365 823 ¹⁴
375 795 488 872 Quippe
511 802 555 854 tot
576 815 715 854 annorum
737 795 900 854 incredibili
914 802 944 854 et
956 793 1041 853 fidem
1061 813 1140 852 exee-

134 891 221 948 dente
236 891 353 948 fortuna
375 891 528 966 tumulata,
543 896 612 948 tuno
634 889 734 948 aliat
706 909 720 948 s
722 889 845 966 tirpibus
858 890 1026 962 dilacerata,
1040 888 1119 946 alia
1111 909 1141 945 ιιι
1239 924 1247 934 ·

73 973 247 1044 t'teoenum
274 987 403 1042 demersa
430 984 569 1043 eruebant
557 991 622 1042 ttur
654 1003 712 1042 non
739 985 918 1044 suffioiebant
948 983 1140 1110 praedantium

135 1097 238 1136 manus
252 1079 366 1154 praedae.

196 1177 242 1231 35.
266 1173 391 1250 Jamque
406 1173 542 1232 etiamad
556 1173 775 1252 eos,quiprim1
766 1174 930 1252 ‘fugerant
939 1179 1058 1232 ventum
1068 1177 1138 1230 erat.

88 1321 94 1327 .
135 1267 275 1325 Foeminaa
296 1267 441 1346 pleraeque
454 1287 558 1344 parvos
580 1267 727 1327 trahentes
747 1267 855 1328 liberos
877 1269 967 1344 ibant,
982 1268 1057 1326 inter
1070 1285 1142 1345 quas

133 1360 199 1424 tres
213 1362 295 1420 fuere
315 1363 448 1440 virgines,
465 1361 539 1423 Oehi
554 1363 615 1442 (qui
636 1371 704 1422 ante
726 1365 847 1423 Darium
868 1366 1049 1442 regnaverat)
1064 1363 1140 1435 filiae,

22 1453 24 1458 ¹
62 1454 205 1520 ffrldlim
228 1458 346 1537 quidem
361 1478 397 1516 ex
411 1459 527 1537 fastigio
551 1467 671 1537 paterno
692 1480 789 1518 rerum
811 1461 970 1518 mutatione
994 1459 1140 1530 detractae,

134 1557 187 1614 sed
201 1565 264 1614 tum
278 1560 386 1614 sortem
406 1573 505 1612 aarum
518 1555 663 1614 crudelius
682 1563 858 1634 aggravante
876 1556 1002 1614 fortuna.
1045 1553 1083 1612 In
1097 1572 1140 1610 eo·

134 1651 201 1708 dem
214 1671 299 1728 grege
313 1667 387 1708 uxor
397 1667 509 1726 quoque
521 1649 650 1725 ejusdem
665 1648 740 1709 Oohi
753 1650 820 1724 fuit,
833 1648 1029 1727 Oxathrisque
1041 1647 1141 1724 (frater

134 1745 260 1822 hioerat
284 1745 378 1822 Darii)
393 1742 461 1814 filia,
478 1751 507 1800 et
527 1746 632 1820 eonjux
647 1745 791 1803 Artabazi
812 1744 951 1822 principis
973 1750 1141 1820 purpurato

134 1859 217 1897 rum:
239 1853 269 1897 et
282 1841 367 1913 filius,
384 1841 428 1897 oui
447 1837 558 1896 Ilioneo
581 1839 639 1896 fuit
660 1859 772 1897 nomen.
814 1839 995 1898 Pharnabazi
1018 1856 1140 1917 quoque,

59 1923 187 2010 favoni,
197 1954 339 1992 summum
353 1935 506 2010 imperium
526 1933 679 1992 maritimae
692 1950 751 1992 orae
765 1933 832 1991 Rex
846 1932 975 2006 dederat,
988 1952 1062 1991 uxor
1075 1952 1140 1990 oum

133 2029 195 2092 filio
220 2038 341 2106 excepta
365 2038 427 2104 est;
452 2029 594 2088 Mentoris
618 2028 687 2087 filiae
714 2036 782 2102 tres,
807 2047 840 2086 ao
863 2027 1035 2088 nobilissimi
1059 2026 1140 2085 dnois

136 2115 300 2182 Memnonis
324 2127 438 2202 conjux,
460 2123 604 2182 attilius:
627 2123 645 2152 ¹⁵
653 2124 758 2203 vixque
779 2123 841 2181 ulla
863 2123 966 2182 domus
988 2122 1140 2201 purpurati

134 2221 193 2278 fuit
207 2227 296 2279 tantae
311 2220 401 2283 eladis
415 2240 527 2297 expers.
571 2219 784 2279 Lacedaemonii
799 2239 922 2299 quoque,
936 2226 967 2278 et
980 2219 1140 2278 Athenien·

135 2316 360 2388 ses,'soeietatis
382 2315 438 2373 fide
460 2315 577 2388 violata,
593 2315 699 2375 Persas
722 2314 831 2373 seeuti:
854 2314 1046 2392 Aristogiton,
1069 2314 1139 2372 Dro-

64 2402 227 2487 ffjprdes,
242 2416 271 2467 et
286 2408 456 2485 Iphicrates,
471 2409 546 2467 inter
560 2410 764 2485 Athenienses,
777 2428 881 2487 genere
901 2410 1035 2486 famaque
1055 2408 1139 2487 longd

135 2504 292 2563 olarissmi:
315 2504 535 2579 Lacedaemonii,
559 2504 733 2582 Pausippus,
756 2511 785 2563 et
811 2502 1056 2577 Onomastorides,
1074 2524 1139 2560 oum

136 2599 267 2659 Monimo
291 2606 321 2658 et
346 2598 484 2659 Oallierat
472 2600 585 2675 tide,''
566 2620 588 2657 ιι
611 2619 724 2677 quoque
748 2599 826 2659 domi
851 2599 971 2658 nobiles.
1023 2598 1140 2657 Summa

136 2693 290 2803 ¹peopniae
313 2694 406 2772 signat
407 2714 432 2752 ae
394 2694 519 2768 tfuit,
535 2694 625 2753 ttalen
613 2702 708 2751 torum
733 2693 789 2751 duo
810 2693 903 2751 millia
934 2700 964 2751 et
974 2693 1138 2769 sexaginta

135 2755 234 2847 ¹'faeti
249 2796 347 2865 argent
348 2809 358 2846 1
350 2788 485 2865 pondus
499 2789 638 2869 quingent
639 2810 657 2845 a
675 2760 815 2866 aeqhabat.
858 2788 1007 2845 Praeterea
1020 2787 1141 2863 triginta

57 2876 86 2959 9
93 2852 229 2942 Wlnillia
239 2883 393 2957 hominum,
406 2903 471 2941 oum
482 2891 592 2960 septem
604 2884 734 2942 millibus
744 2885 950 2959 jumentorum,
960 2882 1045 2939 dorso
1054 2900 1142 2939 onera

133 2972 251 3057 portant
252 2978 321 3052 ium,
336 2986 416 3055 eapt
402 3000 418 3037 a
433 2986 507 3037 sunt.
552 2978 616 3039 (laet
618 2979 700 3035 erdm
720 2977 770 3035 Dii
780 2984 870 3035 tantae
883 2977 1007 3035 fortunae
1016 2976 1139 3053 prodito·

134 3096 196 3133 rem
218 3075 351 3133 celeriter
365 3075 464 3134 debita
483 3077 567 3151 poena
590 3076 732 3151 persecuti
755 3081 830 3132 sunt.
874 3072 1006 3151 Namque
1028 3093 1103 3132 unus
1124 3092 1140 3130 e

133 3169 256 3227 eonsoiis
271 3172 342 3245 ejus,
355 3168 474 3242 ¹⁸oredo,
487 3169 578 3246 Regis
589 3170 681 3227 vicem
691 3169 779 3226 etiam
793 3169 822 3225 in
836 3167 889 3225 illa
899 3176 977 3226 sorte
990 3169 1139 3239 reveritus,

133 3251 282 3323 inthrfeoti
304 3264 460 3340 proditoris
475 3273 560 3341 eaput
574 3265 611 3321 ad
626 3263 748 3321 Darium
769 3264 847 3336 tulit,
862 3271 1054 3341 opportunum
1070 3261 1140 3320 sola·

60 3342 136 3425 W
133 3362 208 3418 tium
231 3358 366 3435 prodit:0
387 3359 491 3437 quippe
513 3366 544 3417 et
565 3358 676 3416 ultus
668 3359 816 3417 mimicum
837 3357 1142 3433 erat,etnondnm1n

133 3455 263 3513 omnium
277 3454 380 3511 animis
396 3474 440 3511 me
472 3454 561 3512 oriam
576 3454 737 3531 majestatis
750 3473 811 3512 suas
824 3454 984 3514 exolevisse
997 3451 1140 3513 cernebat.

336 3572 421 3727 a
489 3526 815 3728 sala
864 3586 1150 3754 ,aa
