2592 4400
175 359 232 417 126
520 372 659 424 ourarr
686 372 827 413 ouarrr

169 510 574 591 eonjantospuloherrimum
586 511 700 571 moinus
713 510 924 573 inolroaturos”
958 510 1067 571 'Alias
1081 509 1192 571 deindd
1275 529 1277 542 ·

168 606 372 669 elloeminatum
385 605 1040 685 etmuliebritertimidum,aliasproditorem
1051 606 1195 665 amatoria
1284 618 1285 669 l

168 700 325 781 appellans,
348 721 424 761 nuno
456 702 586 782 ingentia
612 702 794 781 promittens,
829 702 1032 780 interdumque
1066 720 1195 780 regnum
1284 710 1285 729 ¹

169 798 308 875 'quoque
324 796 482 859 'versabat
494 796 622 857 animum
637 800 657 827 ¹⁰
668 804 749 857 tanto
769 797 895 857 asinore
914 796 1015 875 prooul
1035 796 1196 856 abhorren-
1279 803 1282 835 r

168 900 247 953 tem:
268 892 403 952 atrioturn
416 892 522 952 deindd
534 892 666 971 gladium
680 893 765 952 modd
773 893 861 969 illius,
876 892 960 951 modd
970 911 1022 952 suo
1033 892 1197 951 admovens

166 987 278 1067 jugulo,
299 987 422 1067 supplex
443 987 522 1046 idenr
542 995 574 1047 et
591 987 714 1047 infestus
743 989 762 1017 ¹¹
774 988 923 1065 expressit,
938 994 972 1047 nt
992 986 1110 1045 tandem
1133 1004 1197 1045 non

169 1083 265 1143 aoldm
286 1082 444 1158 silentium,
478 1082 530 1143 aad
559 1082 650 1142 etiam
683 1100 798 1161 operam
831 1082 1029 1161 polliosretur;
1064 1099 1197 1159 namque

169 1178 282 1239 abunde
296 1178 455 1237 oonstantis
468 1176 566 1252 animi,
580 1184 610 1236 et
623 1177 730 1257 dignus
742 1178 793 1256 qui
812 1177 934 1255 pudieus
954 1184 1040 1252 esset,
1054 1176 1131 1235 nihil
1157 1194 1198 1234 ex

168 1274 294 1351 pristina
313 1273 464 1333 voluntate
485 1280 667 1333 mutaverat:
688 1274 739 1333 ssd
762 1292 792 1333 se
815 1279 932 1351 eaptum
955 1272 1061 1351 Dymni
1081 1290 1197 1344 amore,

170 1367 327 1427 simulabat
335 1366 411 1425 nihil
425 1386 564 1427 reeusare.
620 1367 772 1428 Soiseitari
786 1367 889 1427 deinde
904 1369 1007 1447 pergit,
1022 1370 1039 1401 “
1049 1386 1115 1425 oum
1127 1366 1198 1444 qui·

169 1462 225 1522 bus
238 1466 327 1521 tantur
345 1460 388 1519 rei
407 1460 574 1520 sooietatern
594 1462 704 1523 inisset
766 1462 933 1522 Plurimum
953 1463 1068 1537 referre,
1088 1462 1199 1540 quales

170 1555 227 1618 viri
240 1562 301 1615 tem
314 1555 494 1615 memorabili
512 1556 592 1634 operi
611 1556 757 1617 admoturi
776 1576 876 1616 manus
896 1557 1018 1616 essent.”
1080 1556 1139 1614 Ille
1164 1562 1198 1615 et

170 1666 267 1711 more
280 1657 310 1709 et
322 1649 431 1709 seelera
442 1650 520 1709 mali
535 1670 633 1726 sanus,
648 1650 734 1711 simul
748 1652 858 1731 gratias
872 1652 943 1731 agit,
958 1651 1043 1711 simul
1062 1652 1197 1730 gratula-

171 1753 230 1821 tur,
244 1744 322 1825 qudd
336 1744 542 1804 ”fortissimus
552 1735 701 1823 ‘juvenum
723 1766 781 1805 non
803 1746 966 1807 dubitisset
986 1765 1018 1805 se
1032 1744 1197 1825 adjungere

171 1840 322 1903 Demetrio
334 1840 462 1918 eorporis
483 1840 606 1916 eustodi,
629 1840 784 1916 Peneolao,
799 1840 946 1901 Nieanori.
1007 1840 1126 1919 Adiioit
1145 1841 1197 1901 his

172 1937 377 2016 Aphobetum,
391 1936 525 2011 Looeum,
540 1936 712 2010 Dioxenum,
727 1936 911 2014 Arohepolim
925 1942 955 1995 et
968 1935 1137 2015 Amyntam

232 2035 280 2093 20.
301 2032 351 2093 Ab
373 2030 428 2091 hoo
454 2050 585 2092 sermone
611 2031 749 2091 dimissus
777 2030 977 2106 Nieomaohus,
1004 2031 1043 2089 ad
1068 2031 1196 2091 fratrem

174 2126 327 2205 (Cebalino
340 2133 403 2185 erat
420 2128 535 2206 nornen)
546 2146 618 2206 quaa
631 2132 787 2205 aooeperat,
801 2126 902 2186 defert.
946 2126 965 2155 ¹⁸
975 2126 1082 2185 Praese
1095 2126 1196 2204 ipsum
1282 2118 1283 2127 ἓ

174 2222 333 2284 subsistere
345 2222 377 2280 in
389 2222 582 2298 tabernaoulo,
595 2242 631 2282 ne
645 2223 671 2281 si
692 2223 802 2302 regiam
816 2223 963 2296 intrasset,
978 2241 1036 2280 non
1057 2231 1196 2282 assumus

174 2317 256 2379 adire
278 2317 396 2391 Regem,
417 2317 560 2394 ooanrati
585 2317 715 2396 proditos
738 2337 768 2376 se
795 2336 859 2376 esse
884 2317 1078 2377 resciscerent.
1122 2317 1196 2396 Ipse

175 2411 330 2476 Cebalinus
343 2417 411 2470 ante
424 2412 598 2472 vestibulum
611 2413 698 2491 regies
712 2412 812 2491 (neque
826 2412 901 2471 eninr
914 2413 1032 2491 propiis
1052 2413 1153 2472 aditus
1166 2413 1194 2473 ei

175 2508 308 2588 patebat)
322 2506 465 2582 oonaiatit,
479 2507 630 2584 opperiens
652 2507 776 2586 aliquem
797 2526 833 2567 ex
855 2507 949 2585 prime
962 2507 1078 2567 eohorte
1094 2509 1113 2538 ¹⁴
1123 2508 1194 2568 ami·

175 2622 282 2677 eorum,
295 2621 352 2680 quo
364 2600 595 2661 introduceretur
607 2600 645 2661 ad
660 2601 778 2680 Regem.
821 2602 911 2660 Fortd
925 2602 1038 2662 caeteris
1053 2603 1194 2679 dimissis,

175 2717 251 2760 unus
263 2697 399 2757 Philotas
413 2697 611 2756 Parmenionis
624 2697 711 2770 iilius,
727 2698 746 2724 ¹⁸
756 2696 899 2756 ineertunr
911 2717 996 2775 quam
1016 2697 1053 2758 ob
1067 2717 1194 2773 oausam,

176 2793 348 2856 substiterat
361 2793 392 2851 in
403 2792 492 2871 regit.
524 2791 604 2850 Huic
618 2791 787 2866 Cebalinus,
802 2810 850 2850 ors
872 2793 991 2850 eonfuso
1005 2811 1118 2871 magnae
1130 2811 1195 2870 per·

177 2889 352 2952 turbationis
374 2894 458 2948 notas
478 2907 540 2966 prae
560 2905 592 2945 aa
614 2887 719 2960 ferens,
734 2885 829 2963 aperit
849 2907 914 2966 quae
927 2905 964 2946 ex
976 2887 1068 2945 fratre
1082 2905 1195 2966 oompe-

177 2993 266 3060 reret,
280 2993 311 3044 et
324 2984 385 3044 sine
399 2983 579 3042 annotatione
592 2982 723 3040 nunoiari
737 2981 812 3060 Regi
830 2983 922 3059 jubet
976 2981 1119 3058 Philotas,
1133 2983 1195 3064 lau·

178 3080 246 3140 dato
260 3097 303 3152 eo,
316 3078 452 3155 protinda
465 3077 557 3136 intrat
570 3075 608 3136 ad
621 3076 838 3154 Alexandrum
860 3077 1007 3156 multoque
1020 3077 1143 3137 invioem
1155 3079 1195 3138 de

179 3174 247 3234 aliis
268 3172 354 3233 rebus
375 3179 543 3249 consumpto
563 3191 703 3246 sermone,
717 3169 793 3230 nihil
813 3191 911 3231 eorum
924 3192 989 3251 quse
1002 3191 1039 3231 ex
1054 3171 1195 3234 Cebalino

178 3273 360 3348 eognorsrat,
372 3266 499 3326 nunciat
550 3266 611 3327 Sub
624 3285 771 3344 vesperam
784 3286 851 3326 eum
865 3266 1051 3345 prodeuntem
1064 3267 1095 3326 in
1108 3269 1195 3330 vesti-

179 3364 248 3427 bulo
269 3361 360 3442 regias
383 3360 489 3438 exeipit
498 3361 622 3438 juvenis,
638 3365 655 3395 “
667 3381 705 3421 an
717 3361 882 3420 mandatum
895 3369 1047 3421 exseeutus
1062 3363 1080 3392 ¹⁸
1090 3364 1195 3439 foret,”

179 3459 335 3539 requirens
387 3456 452 3531 Ille,
468 3460 485 3492 “
496 3475 553 3516 non
566 3459 683 3517 rasisse
697 3457 819 3517 sermoni
834 3477 885 3517 sno
899 3458 1036 3537 Regem,”
1049 3468 1195 3536 causatus,

181 3554 322 3617 discessit.
382 3553 506 3613 Postero
527 3551 575 3610 die
596 3550 752 3612 Cebalinus
772 3553 900 3612 venienti
920 3553 951 3610 in
963 3552 1075 3632 regiam
1087 3561 1196 3632 prmsto

181 3661 245 3712 est:
267 3651 478 3726 intrantemque
492 3648 628 3708 admonet
639 3647 967 3724 pridieoommunioatas.
983 3667 1048 3707 eum
1067 3649 1132 3727 ipso
1145 3652 1195 3713 rei.

150 3791 155 3796 -
184 3747 242 3808 Ille
263 3766 341 3806 ouras
364 3745 420 3806 sibi
433 3760 496 3804 ease
517 3743 688 3821 respondet:
709 3763 743 3802 ae
764 3763 800 3802 ne
822 3749 885 3802 tum
897 3742 1013 3821 quidem
1034 3745 1120 3825 Regi,
1133 3766 1197 3825 qnae

182 3840 321 3916 audierat,
335 3839 437 3921 aperit
467 3891 472 3898 .
499 3838 634 3916 Coeperat
648 3837 784 3899 Cebalino
798 3857 860 3899 esse
874 3846 1030 3917 suspectus.
1091 3839 1197 3922 Itaque
