2592 4400
167 360 224 419 152
513 370 656 425 corsus
686 371 824 415 curru

163 516 292 583 ritatem,
322 532 399 573 nuno
430 513 607 593 paucitatem
639 530 775 592 spernere
808 510 960 592 incipiunt.
1024 512 1189 589 Praecipue
1271 507 1272 511 ’

164 610 277 670 Bessus
297 608 381 669 ferox
401 608 507 683 verbis,
521 620 552 667 et
569 614 655 686 parto
668 628 720 685 per
741 596 836 667 scelus
858 627 947 685 regno
971 606 1127 685 superbus,
1152 626 1191 664 ae

164 704 216 765 vix
236 711 339 782 potens
361 704 477 777 mentis,
491 702 587 763 dicere
600 703 734 763 orditur:
757 702 926 765 “Socordit
949 702 1033 761 Darii
1054 701 1192 760 crevisse

164 799 293 859 bostium
316 799 431 859 iarum
482 797 653 860 Occurrisse
675 796 751 858 enim
773 798 804 857 in
828 794 942 857 Ciliciae
964 796 1193 877 angustissimis

164 894 306 967 iancibns,
319 897 384 953 eim
405 892 614 954 retrocedendo
627 901 727 972 posset
746 892 904 972 perducere
920 894 1051 953 incautos
1065 893 1098 951 in
1118 892 1194 950 loca

165 997 278 1051 naturae
300 990 361 1050 situ
382 991 468 1066 invia,
482 996 528 1049 tot
550 990 718 1051 fluminibus
739 990 871 1067 objectis,
886 996 932 1048 tot
953 990 1097 1048 montium
1112 988 1192 1047 late·

167 1086 236 1161 bris,
250 1087 328 1146 inter
339 1106 412 1165 quas
436 1085 632 1164 deprehensus
656 1085 757 1158 hostis,
772 1104 808 1144 ne
830 1086 908 1163 fugae
921 1084 1047 1164 quidem,
1072 1084 1193 1144 nedum

165 1181 331 1256 resistendi,
358 1181 537 1241 occasionem
565 1181 657 1239 fuerit
690 1180 852 1241 habiturus.
909 1180 974 1241 Sibi
1008 1180 1125 1259 placere
1157 1181 1194 1239 in

167 1276 329 1356 Sogdianos
352 1276 496 1351 recedere,
518 1275 617 1338 Oxum
637 1296 751 1335 amnem
764 1276 846 1337 velut
869 1296 984 1335 murum
998 1276 1192 1353 objecturum

166 1372 253 1449 boeti,
266 1372 336 1430 dum
357 1390 394 1429 ex
415 1371 547 1431 finitimis
567 1372 703 1450 gentibus
716 1371 816 1432 valida
837 1372 947 1431 auxilie
967 1380 1191 1431 concurrerent.

168 1467 317 1527 Venturos
331 1474 429 1527 autem
444 1466 638 1541 Chorasmios,
654 1476 684 1526 et
698 1467 805 1542 Dahas,
821 1468 975 1547 Sacasque,
990 1476 1021 1527 et
1036 1468 1141 1543 Indos,
1158 1475 1193 1527 et

166 1562 246 1621 ultra
259 1561 380 1621 Tanaim
390 1581 503 1621 amnem
517 1562 645 1622 colentes
660 1560 800 1641 Scythas;
816 1583 939 1642 quorum
953 1564 1099 1621 neminem
1110 1564 1191 1623 adeb
1276 1568 1277 1597 ἒ

166 1656 306 1717 humilem
326 1676 397 1733 esse,
410 1664 445 1715 nt
465 1657 579 1717 humeri
600 1660 664 1735 ejus
677 1676 734 1717 non
754 1665 874 1735 possent
888 1657 1056 1717 Macedonis
1078 1658 1191 1718 militis

167 1753 307 1814 verticem
320 1753 463 1833 aquareJ'
505 1752 694 1813 Conclamant
707 1752 869 1828 temulenti,
883 1773 968 1813 unam
979 1754 1053 1813 hanc
1068 1762 1190 1815 senteu-

167 1850 239 1908 tiam
260 1848 403 1909 salubrem
424 1866 504 1907 esse:
539 1855 570 1907 et
591 1847 702 1907 Bessus
729 1848 907 1908 circumferri
934 1868 1045 1909 merum
1072 1849 1190 1931 largius

173 1945 267 2023 jubet,
282 1944 479 2004 debellaturus
492 1962 580 2021 super
593 1962 722 2001 mensam
736 1942 947 2003 Alexandrum.

232 2044 277 2101 14.
300 2041 374 2100 Erat
387 2041 418 2099 in
431 2059 465 2098 eo
476 2040 606 2100 convivio
629 2036 766 2115 Gobares,
780 2041 897 2099 natione
921 2040 1036 2115 Medus,
1052 2042 1105 2102 sed
1127 2064 1189 2103 ma·

167 2138 240 2219 gicee
254 2138 326 2198 artis
341 2136 380 2214 (si
393 2135 478 2195 modb
489 2142 535 2195 est
548 2155 605 2212 ars,
615 2155 673 2194 non
683 2136 834 2195 vanissimi
844 2138 984 2216 cujusque
999 2136 1189 2220 ludibrium),

167 2233 262 2312 magis
271 2233 450 2311 professione
460 2233 549 2311 qndm
563 2232 685 2291 scientie
699 2232 819 2307 celeber,
831 2232 959 2312 alioquin
969 2223 1141 2295 moderatus
1157 2245 1189 2295 et

168 2329 284 2409 probus.
326 2327 368 2401 Is,
383 2329 451 2385 oum
461 2327 600 2405 praefatus
611 2334 696 2402 esset,
709 2328 790 2402 scire,
802 2347 883 2388 servo
894 2348 956 2388 esse
967 2329 1071 2388 utilius
1081 2350 1189 2408 parere

169 2425 258 2500 dicto,
280 2427 369 2501 quim
391 2423 494 2482 afferre
507 2423 670 2497 consilium,
693 2424 780 2481 ¹culm
802 2423 869 2483 illos
882 2425 933 2504 qui
953 2431 1084 2502 pareant,
1106 2427 1188 2486 idem

168 2518 248 2600 quod
260 2525 391 2593 caeteros,
405 2526 538 2595 maneat,
559 2518 609 2597 qni
623 2519 692 2578 verb
706 2519 856 2594 suadeant,
870 2521 1018 2597 proprium
1033 2521 1091 2580 sibi
1112 2524 1188 2600 peri-

169 2615 276 2689 culum,
290 2614 328 2647 ²*
350 2615 367 2648 ³
389 2615 405 2648 ⁴*
428 2615 443 2647 *
464 2613 601 2692 poculum
617 2614 653 2687 ei,
668 2614 746 2692 quod
760 2613 886 2674 babebat
898 2615 928 2671 in
939 2635 1036 2688 manu,
1049 2617 1186 2677 tradidit.

171 2710 236 2783 Quo
258 2717 386 2788 accepto,
402 2709 539 2787 Gobares,
569 2713 585 2743 “
599 2709 629 2768 N
631 2711 746 2785 utura,”
771 2710 874 2788 inquit,
890 2711 1088 2769 “mortalium
1111 2713 1188 2772 'hoc

169 2827 284 2887 quoque
297 2806 412 2865 nomine
425 2825 515 2884 prava
528 2812 559 2864 et
571 2805 689 2864 sinistra
703 2804 760 2863 dici
774 2813 880 2882 potest,
894 2805 972 2884 qudd
989 2806 1020 2864 in
1041 2826 1094 2865 suo
1109 2809 1188 2888 quis·

169 2923 226 2982 que
239 2902 356 2982 negotio
369 2901 500 2960 hebetior
514 2907 568 2975 est,
583 2901 673 2979 qudm
688 2900 718 2958 in
731 2899 834 2958 alieno.
878 2900 1010 2961 Turbida
1030 2911 1101 2960 sunt
1122 2923 1187 2962 con·
1276 2909 1277 2968 j

171 2999 238 3058 eilia
251 3017 358 3070 eorum,
373 2990 423 3068 qui
437 2996 493 3056 sibi
507 2995 649 3072 suadent,
672 2995 770 3056 obstat
790 2995 856 3055 aliis
870 3003 974 3071 metus,
988 2996 1054 3054 aliis
1076 2999 1187 3076 cupidi·
1278 2999 1279 3022 ¹

170 3101 225 3167 tas,
252 3110 455 3170 nonnunquam
483 3091 625 3150 naturalis
654 3110 762 3166 eorum,
790 3112 857 3170 quae
884 3092 1065 3172 cogitaveris,
1094 3114 1186 3153 amor.

171 3189 201 3248 N
203 3207 249 3245 am
262 3186 293 3244 in
314 3193 342 3244 te
363 3185 498 3262 superbia
516 3205 575 3245 non
596 3186 682 3246 cadit.
725 3187 876 3265 Expertus
898 3207 929 3246 os
943 3207 1187 3268 unumquemque,

170 3281 249 3363 quod
258 3282 321 3360 ipse
333 3281 484 3359 repererit,
498 3289 550 3340 ant
563 3282 668 3356 solum,
683 3288 735 3341 aut
748 3284 890 3361 optimum
905 3282 1019 3342 ducere.
1044 3283 1188 3362 Magnum

171 3398 244 3439 onus
257 3377 383 3437 sustines
397 3375 500 3454 capite,
515 3377 628 3455 regium
643 3377 762 3456 insigne.
807 3378 873 3437 Hoc
888 3385 940 3436 aut
960 3378 1109 3437 moderate
1125 3401 1187 3458 per-

171 3474 321 3533 ferendum
335 3479 389 3546 est,
405 3478 457 3530 aut
471 3471 560 3550 (quod
573 3471 753 3552 ‘abominor)
769 3473 799 3532 in
814 3480 843 3532 te
857 3481 931 3532 ruet.
976 3473 1115 3550 Consilio,
1130 3495 1188 3534 non

171 3571 283 3647 impetu
306 3587 379 3646 opus
401 3569 474 3626 eet.'’
516 3567 633 3646 Adjicit
660 3569 773 3642 deinde,
801 3569 880 3648 quod
907 3569 984 3647 apud
1012 3569 1187 3629 Bactrianos

129 3703 134 3710 ,
171 3665 268 3742 uulgo¹
284 3662 481 3742 usurpabant3
517 3662 626 3723 Omna
650 3683 777 3723 ururnorr
801 3683 1010 3724 vnususnusos
1034 3685 1186 3741 sennenn,

173 3761 256 3829 Quin
270 3777 437 3819 sennenn:
459 3778 892 3828 snr1ss1uaoonoussnou1ns
906 3779 1012 3818 unurm
1024 3779 1096 3818 serso
1108 3781 1185 3819 usur.

173 3853 248 3926 Quae
261 3855 381 3930 inserui,
396 3861 439 3930 ut,
452 3855 671 3935 qualiscumque
685 3856 762 3914 inter
776 3855 924 3916 Barbaros
934 3855 1031 3932 potuit
1044 3874 1108 3914 esse
1118 3876 1186 3934 pru-
