2592 4400
204 422 260 481 124
549 436 690 489 ourrrr
718 435 859 479 cuarrr

199 585 312 637 montes
345 582 565 655 occupaverunt
621 576 773 655 Praerupta
799 594 887 654 rupes
920 582 992 651 erat,
1019 576 1081 657 qud
1104 582 1215 655 spectat

201 671 399 735 Occidentem
443 671 565 745 Eadem,
588 673 648 751 qud
662 672 757 751 vergit
778 671 816 730 ad
840 670 1001 745 Orientem,
1016 670 1133 733 leniore
1154 672 1214 733 sub

198 768 287 827 missa
300 767 428 847 fastigio,
448 766 550 825 multis
573 766 725 827 arboribus
739 766 842 842 obsita,
864 786 1018 844 perennem
1043 768 1136 829 habet
1157 769 1214 827 fon·

199 872 266 936 tem,
293 881 331 921 ex
356 882 414 942 quo
441 862 529 942 largm
556 882 640 941 aqum
661 868 787 921 manant.
831 861 980 923 Circuitus
1007 865 1070 940 ejus
1092 863 1216 942 triginta

198 966 230 1017 et
251 958 309 1017 duo
331 957 428 1018 stadia
449 956 675 1035 comprehendit
718 956 756 1017 In
780 956 890 1017 vertice
913 957 1051 1017 herbidus
1074 976 1214 1036 campus:

197 1054 229 1113 iu
251 1053 306 1113 boo
329 1052 548 1113 multitudinem
568 1052 715 1112 imbellem
736 1052 887 1111 considere
904 1052 1016 1129 jubent.
1061 1052 1137 1131 Ipsi,
1159 1054 1216 1131 qud

199 1168 288 1227 rupes
311 1148 448 1223 desierat,
470 1147 606 1207 arborum
628 1154 747 1207 truncos
767 1154 797 1206 et
818 1166 889 1206 saxa
903 1146 1109 1207 obmoliuntur.
1126 1146 1215 1207 XIII

197 1244 290 1303 millia
303 1252 413 1303 armata
426 1250 518 1302 erant

261 1342 303 1397 1⁷.
328 1338 365 1397 Iu
377 1356 502 1417 quorum
515 1336 665 1397 obsidione
687 1334 808 1398 Cratero
827 1335 940 1413 relicto,
961 1336 1023 1415 ipse
1047 1336 1215 1398 Satibarza-

196 1453 263 1492 nem
284 1432 368 1511 sequi
390 1431 520 1491 festinat.
569 1430 612 1491 llt
632 1430 701 1511 qnia
724 1432 870 1511 ulongius
893 1452 959 1491 eum
984 1432 1085 1493 abesse
1109 1452 1215 1512 cogno

195 1535 288 1599 verat,
303 1527 340 1586 ad
359 1526 566 1605 expugnandos
590 1545 641 1585 eos
661 1526 712 1605 qui
734 1526 813 1586 edita
837 1527 981 1585 montium·
993 1534 1214 1606 occupaverant,

197 1621 281 1682 redit.
325 1622 344 1650 ¹⁸
353 1622 400 1681 Ac
414 1622 508 1700 primd
522 1622 672 1701 repurgari
684 1622 777 1699 jubet,
798 1621 935 1701 quitquid
946 1622 1059 1702 ingredi
1073 1630 1214 1701 possent:

197 1718 312 1792 deinde,
339 1726 375 1777 ut
405 1718 597 1778 occurrebant
630 1718 718 1779 invias
744 1726 833 1793 cotes,
861 1726 1070 1797 praeruptaeque
1105 1737 1213 1798 rupes;

195 1814 299 1874 irritus
321 1813 403 1874 labor
416 1814 580 1889 ridebatur,
595 1814 732 1873 obstante
746 1816 860 1872 natura.
911 1814 978 1887 Ille,
994 1821 1027 1871 ut
1042 1821 1107 1873 erat
1123 1816 1145 1845 ¹⁸
1156 1814 1214 1875 ani·

194 1911 236 1971 mi
249 1930 364 1988 semper
377 1909 552 1970 obluctautIs
562 1908 792 1985 difficultatibus,
801 1910 868 1967 crlnr
882 1916 912 1968 et
925 1908 1062 1988 progredi
1076 1911 1213 1985 arduum,

194 2014 225 2065 et
247 2007 356 2066 reverti
379 2004 574 2083 periculosum
597 2012 685 2080 esset,
709 2003 843 2065 versabat
867 2023 898 2063 se
921 2002 958 2062 ad
983 2024 1082 2063 omnes
1104 2007 1212 2086 cogita·

194 2102 297 2176 tiones,
311 2101 393 2161 aliud
414 2109 502 2181 atque
516 2100 597 2159 aliud
610 2099 666 2176 (ita
684 2106 720 2158 ut
741 2100 803 2159 fieri
818 2100 901 2174 solet,
917 2099 966 2160 ubi
980 2100 1074 2178 prima
1087 2120 1212 2182 qumque
1267 2160 1268 2167 ἶ

194 2196 376 2273 damnamus)
404 2195 578 2274 subjiciente
607 2194 722 2254 auimo:
757 2194 915 2270 haesitanti,
943 2194 1022 2274 quod
1049 2198 1125 2256 ratio
1154 2218 1212 2258 nou

193 2290 299 2370 potuit,
320 2292 438 2350 fortune
461 2290 614 2350 consilium
638 2290 879 2350 subministravit
921 2290 1089 2351 Vehemens
1117 2293 1211 2354 Favo-

193 2386 260 2444 nius
283 2393 354 2458 erat,
369 2393 399 2445 et
422 2385 544 2445 multam
568 2387 720 2445 materiem
744 2386 886 2444 ceciderat
908 2386 1001 2460 miles,
1022 2387 1137 2448 aditum
1159 2408 1212 2469 per

193 2499 265 2540 saxa
278 2480 404 2539 molitus.
448 2479 523 2540 Haeo
536 2499 643 2559 vapore
658 2479 770 2540 torrida
783 2481 938 2540 inaruerat.
982 2480 1062 2560 Ergo
1076 2483 1210 2562 aggerari

193 2575 265 2635 alies
292 2574 409 2634 arbores
427 2575 522 2652 jubet,
550 2583 581 2635 et
608 2577 628 2606 ¹'
638 2575 701 2654 igni
729 2575 799 2636 dare
826 2576 982 2636 alimenta:
1017 2578 1209 2661 celeriterque

193 2671 342 2749 stipitibus
365 2671 530 2746 cumuletis,
554 2671 704 2750 fastigium
729 2671 835 2730 montis
859 2681 1004 2750 aequatum
1027 2681 1080 2734 est.
1125 2675 1209 2736 Iunc

191 2768 320 2846 undique
334 2767 412 2847 ignis
433 2768 559 2844 injectus
573 2774 678 2825 cuncta
702 2767 936 2844 comprehendit:
955 2768 1099 2828 flammam
1114 2772 1144 2830 in
1159 2791 1209 2832 ora

191 2862 318 2923 hostium
345 2870 450 2922 ventus
474 2861 606 2922 serebat:
635 2862 734 2920 fumus
756 2861 858 2940 ingena
881 2862 962 2922 velut
983 2863 1110 2941 quedam
1131 2867 1209 2927 nube

192 2958 384 3019 absconderet
397 2959 510 3018 eoelum.
553 2957 704 3017 Sonabant
721 2956 853 3015 incendio
868 2958 968 3035 sylvae,
983 2966 1070 3038 atque
1091 2979 1125 3019 ea
1137 2981 1207 3040 quc

190 3073 255 3132 que,
268 3071 334 3130 qum
346 3072 402 3111 uon
425 3052 593 3111 incenderat
614 3051 708 3125 miles,
723 3059 862 3129 concepto
885 3053 951 3130 igue
974 3054 1110 3131 proxima
1132 3077 1207 3135 qum

191 3166 248 3226 que
273 3146 443 3205 adurebant.
495 3146 620 3206 Barbari
642 3146 850 3224 suppliciorum
876 3146 894 3175 ¹⁸
904 3147 1048 3223 ultimum,
1078 3150 1134 3210 1’si
1148 3154 1206 3232 qual

191 3242 429 3299 intermoreretur
443 3241 526 3318 ignis,
539 3241 665 3317 effugere
687 3241 858 3300 tentabant:
880 3240 932 3300 sed
952 3243 1010 3320 qud
1031 3243 1146 3303 flamma
1160 3247 1206 3305 de

191 3337 276 3396 derat
297 3334 401 3410 locum,
415 3335 508 3393 hostis
522 3335 664 3395 obstabat.
718 3335 812 3395 Varii
834 3336 923 3414 igitur
946 3336 1028 3396 clade
1041 3341 1207 3419 consumpti

190 3440 268 3492 sunt.
309 3429 374 3488 Alii
397 3429 427 3486 in
448 3429 560 3488 medios
582 3430 672 3508 ignes,
687 3430 737 3489 elii
752 3431 781 3488 iu
806 3438 904 3508 petras
918 3431 1137 3509 praecipitavere
1153 3455 1205 3495 se:

188 3527 308 3605 quidam
332 3524 467 3584 menibus
490 3524 617 3582 bostium
640 3544 671 3583 se
694 3524 879 3585 obtulerunt:
900 3525 992 3603 pauci,
1008 3527 1205 3590 semiustulati

188 3626 293 3680 venere
307 3621 338 3678 in
351 3626 534 3697 potestatem.

253 3721 294 3774 18.
319 3715 397 3773 Hinc
422 3713 459 3771 ad
483 3711 645 3788 Craterum,
660 3714 711 3794 qui
733 3715 898 3774 Artacoana
921 3714 1081 3792 obsidebat,
1104 3721 1202 3782 rediit.

188 3809 254 3880 Ille,
270 3810 404 3868 omuibus
416 3809 596 3887 praeparatis,
610 3809 703 3888 Regis
725 3810 913 3887 exspectabat
933 3811 1098 3888 adrentum,
1111 3815 1201 3896 '⁰cap-

187 3911 226 3961 toe
249 3903 331 3963 urbis
354 3904 442 3961 titulo
465 3903 554 3978 (sicut
577 3923 631 3982 par
654 3903 730 3982 erat)
751 3903 864 3963 cedens.
908 3905 1006 3984 Igitur
1031 3907 1202 3972 Alexander
