2592 4400
407 400 524 441 menn
552 400 615 440 vir.
642 399 724 439 can.
752 398 804 439 v1.
1058 377 1113 441 stt

93 539 204 618 dignus
224 540 299 600 oet²²
338 537 515 613 Alexander,
528 538 655 597 multum
675 537 836 597 collaudato
857 536 1031 616 Spitamene,
1052 556 1114 596 con·

94 652 200 694 versus
213 632 250 692 ad
273 634 408 709 Bessum,
429 638 446 669 ‘¹
460 633 582 712 Oujus,”
605 634 707 713 inquit,
731 638 748 669 “
760 634 829 693 ferae
850 634 943 695 rabies
963 632 1115 712 occupavit

35 723 38 727 ⁴
95 730 227 789 mum
240 736 332 805 tuum,
346 732 415 788 cdm
428 729 542 810 Regem
554 732 591 789 de
610 737 641 789 te
662 730 770 808 optime
781 717 937 804 meritum,
951 729 1034 807 prius
1054 729 1115 789 viu·

94 826 167 899 circ,
179 824 286 883 deinde
298 824 428 885 occidere
450 825 640 885 sustinuisti?
680 826 700 855 ²⁸
710 824 769 885 sed
781 825 869 901 hujus
882 824 1030 902 parricidii
1042 844 1115 885 mer·

95 919 198 979 cedem
210 919 287 979 falso
299 918 392 1000 Regis
404 920 520 979 nomine
533 920 698 998 persolvisti
711 920 794 984 tibist
821 918 879 978 Ille
893 920 914 949 '⁷
923 919 1036 978 facinus
1048 940 1115 997 pur·

94 1034 168 1092 gare
180 1034 237 1073 non
251 1034 347 1091 ausus,
362 1015 582 1095 Registitulum
606 1035 637 1075 se
658 1018 814 1094 usurpdsse
831 1014 924 1091 dixit3
946 1019 981 1073 ut
999 1022 1116 1093 gentem

95 1130 182 1169 suam
195 1109 311 1170 tradere
324 1111 382 1188 ipsi
394 1118 491 1188 posset
503 1130 511 1186 3
534 1111 554 1139 ²⁸
562 1110 614 1189 qui
626 1111 653 1170 si
672 1114 821 1185 cessdsset,
835 1109 926 1169 elium
945 1108 1036 1168 fuisse
1055 1128 1116 1188 reg·

96 1225 177 1263 num-
190 1212 405 1283 occupaturum.
456 1208 500 1266 At
521 1205 690 1265 Alexander
711 1204 853 1267 Oxstrem
878 1204 997 1263 fratrem
1024 1202 1115 1278 Darii,

95 1320 183 1378 quem
197 1300 275 1359 inter
287 1300 419 1378 corporis
431 1301 567 1359 custodes
587 1300 720 1376 habebat,
733 1300 854 1377 propius
872 1300 961 1377 jussit
974 1298 1116 1373 assedere,

96 1394 1117 1473 tradiqueBessumei,utcruciaffixum,mutilatisauribusnaribusque,

96 1490 219 1569 sagittis
232 1490 402 1568 configerent
415 1489 548 1565 Barbari,
561 1496 797 1569 assonarentque
816 1508 927 1567 corpus,
942 1495 976 1548 ut
994 1508 1030 1547 ne
1050 1504 1117 1548 aves

97 1584 219 1665 quidem
231 1586 437 1664 contingerent.
481 1585 608 1646 Oxatres
630 1592 736 1647 caetera
758 1585 815 1647 sibi
835 1604 912 1645 curae
924 1584 986 1643 fore
1004 1582 1118 1662 pollice-

97 1688 170 1741 tur:
191 1700 259 1740 aves
271 1699 329 1739 non
342 1680 380 1740 ab
392 1680 451 1739 alio
464 1682 552 1759 qudm
564 1701 583 1739 a
596 1680 705 1741 (lateus
725 1700 809 1758 posse
831 1680 980 1759 prohiberi
999 1678 1117 1756 adjicit,

98 1775 238 1837 eximiam
263 1778 328 1852 ejus
349 1783 442 1835 artem
464 1776 583 1853 cupiens
605 1775 776 1839 ostendere:
804 1794 926 1854 namque
947 1772 1120 1837 edesseno

98 1873 165 1931 ictu
184 1871 329 1930 destinata
347 1871 480 1947 feriebat,
494 1877 528 1930 ut
548 1890 616 1931 aves
634 1890 746 1951 quoque
766 1872 946 1948 2⁹exciperet
988 1868 1074 1928 Nunc
1094 1866 1119 1927 si

98 1966 226 2026 forsitan
239 1966 430 2045 ”sagittandi
442 1973 504 2025 tam
517 1965 625 2026 celebri
637 1984 694 2024 usu
711 1966 809 2025 minda
830 1964 1008 2026 admirabilis
1028 1962 1121 2024 videri

99 2062 166 2122 hese
178 2080 227 2120 crs
239 2062 342 2138 possit,
357 2068 454 2121 tamen
473 2062 574 2140 ingens
587 2060 750 2127 visentibus
769 2061 948 2135 miraculum,
962 2076 1120 2140 magnoque

99 2156 206 2218 honori
229 2155 333 2218 (latoni
355 2157 422 2218 fnit
463 2158 549 2217 Dona
571 2156 676 2216 deindd
698 2156 838 2233 omnibus,
858 2156 909 2236 qui
929 2156 1053 2218 Bessum
1073 2155 1120 2216 ud·

101 2253 256 2328 duxerant,
271 2253 341 2312 data
360 2260 437 2313 sunt.
481 2252 625 2315 (imterdm
636 2247 809 2331 supplicium
823 2255 886 2331 ejus
897 2251 1021 2330 distulit,
1036 2259 1071 2311 ut
1086 2271 1121 2312 co

101 2349 175 2423 loco,
190 2347 222 2406 in
234 2367 292 2427 quc
305 2348 428 2409 Darium
440 2348 501 2426 ipae
515 2349 670 2424 occiderat,
684 2357 842 2409 necaretur.

165 2442 224 2503 VI,
247 2447 294 2502 23.
317 2443 437 2503 Interea
465 2443 641 2504 Macedones
665 2445 703 2502 ed
730 2444 886 2521 petendum
913 2443 1051 2522 pabulum
1080 2443 1121 2502 iu·

102 2540 264 2616 composito
278 2539 392 2617 agmine
405 2539 524 2617 egressi,
538 2559 557 2598 a
571 2539 721 2614 Barbaris,
735 2540 785 2618 qui
808 2539 844 2598 de
865 2539 1005 2618 proximis
1019 2538 1120 2597 monti·

103 2635 159 2695 bus
184 2634 389 2707 decurrerunt,
408 2633 628 2711 opprimuntur;
657 2634 813 2713 pluresque
837 2635 913 2713 capti
934 2642 1011 2708 sunt,
1032 2637 1121 2713 quim

103 2728 203 2788 occisi.
260 2727 384 2788 Barbari
418 2735 523 2805 autem,
551 2730 682 2806 captivos
715 2749 776 2806 pree
804 2749 834 2788 se
862 2736 990 2808 agentes,
1017 2729 1121 2788 rursus

103 2827 135 2883 in
164 2831 292 2882 montem
324 2830 512 2883 recesserunt.
566 2824 682 2902 Viginti
711 2823 803 2882 millia
831 2825 994 2884 ¹latronum
1022 2831 1120 2900 crent3

104 2920 207 2980 fundis
221 2918 394 2997 sagittisque
407 2918 553 2996 ’pugnam
563 2918 723 2978 invadunt:
744 2938 817 2997 quoa
832 2918 900 2976 dum
915 2918 1029 2978 obsidet
1044 2919 1121 2994 Rex,

104 3015 184 3074 inter
197 3013 430 3092 promptissimos
452 3013 601 3090 dimicans,
615 3014 724 3093 sagitte
745 3014 821 3072 ictus
835 3021 890 3088 est,
902 3033 968 3094 quae
981 3013 1012 3072 in
1027 3014 1124 3074 medio

105 3130 191 3170 crure
204 3110 265 3167 fixa
277 3109 437 3187 reliquerat
457 3109 607 3186 spiculum.
660 3109 750 3168 Illum
764 3109 881 3188 quidem
895 3111 988 3170 moesti
1004 3117 1034 3170 et
1048 3117 1123 3170 atto·

105 3187 164 3267 niti
191 3204 369 3264 Macedones
397 3205 428 3262 in
455 3211 552 3262 castra
578 3204 753 3264 referebant.
810 3204 869 3265 Sed
897 3225 949 3264 nec
977 3205 1123 3267 Barbaros

106 3300 216 3360 fefellit
229 3299 390 3360 subductus
404 3319 441 3358 ex
454 3298 516 3357 acie
531 3299 616 3358 Rex:
637 3299 745 3377 quippe
765 3319 802 3358 ex
816 3299 894 3360 edito
908 3309 1006 3360 moute
1020 3309 1125 3361 cuncta

107 3402 328 3478 prospexerant.
372 3394 477 3474 Itaque
498 3402 615 3472 postero
629 3395 677 3454 die
699 3395 805 3454 mistae
826 3395 937 3476 legatos
952 3397 989 3455 ed
1003 3397 1123 3475 Regem,

107 3511 181 3572 quos
206 3490 257 3550 illc
280 3490 416 3568 protinus
441 3490 532 3567 jussit
554 3489 689 3566 admitti;
704 3491 873 3570 'solutisque
899 3493 996 3550 fasciis
1018 3492 1123 3568 megui-

107 3587 243 3646 tudinem
264 3584 392 3646 vulneris
414 3584 698 3658 dissimulanacrus
719 3585 859 3646 Barbaria
885 3585 1021 3646 ostendit.
1063 3584 1124 3659 Illi,

115 3682 194 3760 jussi
219 3680 379 3754 considere,
393 3681 543 3754 affirmant,
564 3699 622 3738 non
644 3680 819 3739 Macedonas
833 3681 921 3759 quem
945 3680 1023 3756 ipsos
1036 3679 1126 3738 fuisse

110 3779 267 3850 tristiores,
290 3776 406 3853 cognito
429 3776 549 3836 vulnere
576 3774 686 3853 ipsius:
717 3778 801 3852 cujus
829 3776 854 3834 ei
878 3781 1026 3833 auctorem
1047 3793 1125 3851 repe-

110 3873 229 3947 rissent,
244 3870 397 3929 dedituros
418 3869 518 3930 inisse.
562 3868 717 3929 Gumdiis
739 3871 815 3936 enim
829 3887 957 3948 pugnare
971 3868 1127 3948 sacrilegos
