2592 4400
514 421 636 462 urana
663 422 705 461 11.
939 419 952 437 *
1091 408 1109 464 5

99 567 244 627 tergressus,
262 559 303 611 cui
314 559 420 624 ignovit,
432 560 466 610 ad
483 558 620 610 Granicum
631 575 730 619 amnem
746 558 825 620 venit,
836 559 864 610 in
881 561 952 628 cujus
965 561 1044 611 alteri
1054 559 1111 626 riph

99 643 196 694 hostilis
214 643 339 693 exercitus
356 643 448 703 stabat,
459 641 595 692 transitum
612 641 793 708 prohibiturus.
827 643 972 693 Alexander
988 643 1111 692 insanas
1190 681 1193 688 .

99 725 153 775 scie
164 725 291 790 ingressus
308 726 409 785 fiumen,
421 741 512 788 magno
530 723 587 773 nisu
598 723 626 773 in
641 722 756 773 altiorem
772 723 854 790 ripam
872 724 960 785 evasit,
971 727 1110 790 Persasque

65 845 67 849 .
99 809 200 857 taudem
212 825 263 856 nou
275 808 327 857 sine
339 824 383 857 suo
398 806 519 874 periculo,
532 824 563 856 ex
574 823 624 872 qno
636 806 716 857 Clitus
732 811 884 866 servaverat,
896 806 924 856 in
934 809 1020 871 fugam
1030 806 1111 872 conje-

24 891 27 895 '
98 889 141 949 cit,
151 888 329 938 circumventis
341 886 418 939 etiam
428 887 597 948 mercenariis,
607 887 660 954 qui,
669 887 743 951 globo
754 887 829 946 tacto,
839 885 976 937 diutissime
987 902 1110 952 repugna·

97 975 195 1020 verant
229 970 402 1020 Barbarorum
413 969 559 1019 ceciderunt
569 968 662 1033 viginti
674 973 700 1018 et
711 969 761 1018 dno
771 967 864 1020 millia:
881 969 1046 1019 Macedonum
1056 974 1111 1017 tsn-

97 1051 226 1101 tummodo
243 1049 327 1100 xxxiv.
340 1056 370 1100 ut
380 1051 531 1101 Plutarchus
548 1067 579 1100 ex
588 1049 735 1100 Aristobulo
753 1049 866 1100 tradidit
899 1051 970 1114 Fugt
986 1048 1072 1115 elapsi,
1083 1048 1111 1098 in

98 1131 191 1199 quibus
202 1136 229 1181 et
240 1134 357 1182 Memnon
370 1136 432 1196 erat,
444 1132 559 1182 Miletum
572 1136 746 1197 perrexerunt,
758 1136 785 1180 et
791 1130 1003 1181 Halicarnassum
1037 1131 1111 1188 Quod

97 1212 264 1262 humanitatis
282 1212 395 1262 officium
412 1218 457 1272 est,
471 1214 613 1264 Alexander
624 1212 674 1262 illis
691 1211 818 1279 prostitit,
829 1211 875 1280 qui
891 1212 978 1279 praelio
988 1213 1111 1263 occubue-

97 1299 161 1344 rant
197 1297 250 1344 Hos
263 1294 329 1344 enim
341 1296 374 1345 ad
385 1300 532 1344 caeterorum
544 1295 685 1360 exemplum
701 1293 812 1360 impense
822 1295 939 1344 humatos
952 1293 1111 1360 equestribus

96 1375 188 1426 statuis
199 1375 289 1426 donari
296 1375 379 1442 jussit,
392 1375 555 1441 cognatisque
568 1392 655 1425 eorum
670 1374 854 1425 immunitatem
866 1374 942 1427 dedit
977 1377 1015 1425 Ex
1025 1373 1111 1440 spoliis

97 1473 146 1506 ccc.
160 1457 263 1523 clypeos
274 1458 388 1507 Athenas
403 1457 472 1506 misit
489 1457 517 1506 in
534 1456 656 1506 Minervas
671 1458 766 1523 templo
778 1474 835 1506 cum
848 1456 991 1507 civilissima
1007 1454 1111 1521 iuscrip-

96 1539 165 1588 tione
178 1540 320 1603 affigendos.
355 1541 438 1589 Tanta
448 1538 560 1588 victorias
572 1540 604 1588 ad
614 1539 752 1590 Granicum
762 1541 829 1589 lama
837 1545 899 1599 erat,
908 1544 938 1588 ut
948 1539 1034 1604 plures
1043 1537 1110 1587 Asiae

97 1621 173 1670 urbes
184 1637 210 1670 se
221 1621 367 1670 Alexandro
378 1620 507 1681 dederent,
519 1622 610 1671 Sardes
624 1620 747 1687 inprimis,
759 1639 789 1671 ac
799 1623 925 1688 Ephesus:
942 1620 1044 1670 Miletus
1054 1619 1101 1668 bre

96 1701 166 1754 viore
185 1700 324 1761 obsidione,
344 1706 371 1750 st
388 1701 581 1752 Halicarnassus
599 1702 778 1768 operosissimis,
797 1707 942 1769 expugnata
958 1701 1013 1751 luit.
1047 1701 1110 1750 Adra

95 1781 189 1832 illustri
200 1783 306 1832 foeminas
319 1799 425 1847 regnum
437 1783 515 1834 Gariae
532 1783 668 1844 redditum,
680 1802 695 1833 a
707 1801 757 1850 qno
769 1786 872 1850 expulsa
882 1784 966 1833 fuerat
976 1800 1023 1849 per
1033 1783 1108 1832 Pero

98 1866 196 1914 darum.
232 1867 294 1914 Cim
305 1863 414 1927 gratiam
431 1865 544 1914 relatura
560 1864 651 1914 mulier
661 1865 731 1913 mirre
748 1864 810 1914 artis
821 1870 848 1914 et
858 1863 954 1929 saporis
972 1863 1041 1913 cibos
1052 1877 1110 1911 cum

96 1945 184 2012 coquis
192 1949 218 1994 et
225 1944 368 2010 cupedariis
379 1946 488 2004 offerret,
498 1962 529 1994 ex
539 1945 685 1994 Alexandro
694 1944 792 2004 didicit,
804 1943 934 2010 “optimos
945 1959 1038 2009 coquos
1049 1959 1109 2000 esse,

97 2028 131 2076 ad
152 2025 299 2093 prandium,
321 2027 433 2076 laborem
456 2026 641 2086 antelucanum,
661 2027 694 2076 ad
716 2042 820 2086 coenam,
838 2026 935 2089 frugale
952 2022 1110 2090 prandium.”

97 2109 207 2160 Classem
218 2108 267 2156 hoc
281 2113 393 2173 tempore
404 2108 549 2158 Alexander
561 2105 663 2167 dimisit,
675 2112 705 2155 ut
712 2099 935 2172 'supervacaneam
953 2107 986 2156 ad
1003 2122 1063 2154 usus
1073 2106 1110 2153 fu·

96 2196 175 2251 turos,
187 2206 235 2240 nec
251 2187 289 2239 ita
304 2187 461 2249 instructam,
473 2193 503 2239 ut
513 2191 647 2239 Persarum
664 2186 796 2238 classiariis
813 2186 908 2254 opponi
923 2192 1014 2253 posset
1048 2188 1110 2237 Cum

96 2289 141 2322 rex
160 2270 267 2337 Lyciam
284 2270 410 2330 transiret,
422 2269 523 2336 oppidis
540 2269 568 2319 in
588 2269 742 2320 deditionem
761 2268 879 2335 acceptis,
899 2268 997 2334 captivi
1014 2266 1110 2317 indicio

96 2352 225 2417 cognovit,
238 2352 271 2401 ab
281 2351 426 2401 Alexandro
438 2352 570 2417 Lyncesta,
582 2366 675 2414 genero
685 2349 823 2415 Antipatri,
835 2348 940 2399 insidias
956 2348 1004 2399 sibi
1015 2346 1109 2415 parari,

96 2451 173 2501 quem
183 2432 281 2483 veritus
292 2432 442 2491 interficere,
451 2430 541 2497 nequis
552 2437 634 2481 motus
644 2430 672 2480 in
683 2431 829 2482 Macedonid
840 2430 955 2491 oriretur,
964 2429 992 2478 in
1002 2428 1110 2479 vinculis

88 2514 225 2567 'diuturnis
243 2512 342 2563 habuit.
377 2512 509 2563 Phaselide
528 2512 556 2561 in
575 2512 652 2562 fidem
670 2516 781 2579 acceptt,
798 2529 845 2578 per
863 2511 981 2571 climace,
998 2510 1046 2559 hoc
1063 2515 1109 2571 est,

96 2596 226 2663 angustias
242 2594 421 2644 intermontes
439 2598 465 2643 et
480 2610 550 2643 mare
567 2593 752 2660 Pamphylium,
763 2609 828 2657 segre
840 2592 977 2642 exercitum
993 2592 1109 2658 hyberno

95 2684 210 2744 tempore
226 2675 379 2734 transduxit,
391 2679 417 2724 ct
427 2673 562 2740 Aspendiis
577 2679 635 2740 post
652 2673 815 2724 desectionem
831 2672 947 2739 receptis,
958 2674 1110 2722 Telmessum

96 2764 288 2825 praetergressus
298 2755 396 2806 Pisidas
407 2757 440 2805 sd
450 2756 608 2819 Sagalassum
618 2755 692 2820 gravi
707 2754 794 2821 praelio
805 2754 942 2820 superavit
975 2755 1046 2803 Inter
1056 2755 1110 2802 haec

95 2842 222 2899 Memnon,
233 2836 295 2887 locis
313 2836 464 2903 quibusdam
474 2835 501 2885 in
511 2834 588 2885 maris
605 2838 648 2884 ord
666 2834 821 2901 recuperatis
833 2840 858 2884 et
869 2833 932 2886 Chio
948 2832 1037 2893 insule,
1049 2835 1110 2883 dnm

95 2920 238 2987 Mitylenen
250 2918 356 2977 obsidet,
367 2918 454 2967 morbo
466 2921 597 2983 correptus
614 2918 747 2967 Persarum
757 2931 827 2981 spem
837 2913 972 2966 maximam
982 2921 1062 2965 morte
1073 2914 1109 2964 in·

96 3000 249 3069 tempestivi
261 2998 378 3049 deseruit
412 3000 478 3049 Nam
488 2999 536 3047 hoo
548 2998 612 3048 duce
622 2998 718 3048 bellum
727 2996 821 3047 Darius
832 3014 864 3047 ex
873 2995 934 3047 Asis
944 2995 972 3046 iu
981 2998 1110 3064 Europam

97 3080 229 3134 transferri
239 3096 313 3148 posse
324 3078 490 3147 speraverat]
