2592 4400
275 359 283 369 ’
332 420 342 438 ,
409 369 532 434 arasa
558 369 611 411 vr.
639 370 725 412 oar.
755 371 844 412 vrrs.
1082 354 1136 411 129

116 503 189 564 tiois
209 504 343 567 hostibus
363 506 453 567 muni
504 507 571 569 Hos
591 509 617 567 ai
639 510 800 586 submoves,
816 509 890 569 nihil
911 515 1008 569 metuo
1029 509 1066 569 sb
1088 528 1135 568 ex·

115 605 228 661 terno.’¹

179 700 227 756 24.
250 696 325 757 Haeo
338 696 483 758 (luterus
546 698 576 757 N
576 718 608 757 ae
621 700 720 759 aaeteri
734 698 914 775 dubitabant,
930 704 947 735 ‘⁴
957 700 1027 779 quin
1040 702 1134 777 eonju-

114 886 271 965 partioeps.
321 889 354 959 ,¹⁰
363 886 456 958 Quem
470 888 547 947 enim
566 889 655 965 pium,
671 896 700 948 et
713 890 796 951 bonae
808 890 924 965 ruentis,
938 909 995 949 non
1009 891 1134 949 amioum

112 981 212 1056 modd,
235 981 288 1041 sed
310 1002 348 1043 ex
368 983 473 1043 ultimi
486 984 579 1061 plebe,
595 985 702 1045 auditis
715 1006 780 1065 quaa
794 983 831 1043 ad
852 1005 916 1044 eum
930 983 1027 1045 delata
1040 992 1132 1061 erant,

113 1096 175 1135 non
203 1078 334 1154 protinus
360 1079 398 1139 ad
425 1079 535 1159 Regem
559 1081 650 1140 fuisse
674 1080 849 1140 cursurum?
910 1080 986 1139 ¹'Ne
999 1078 1134 1140 Cebalini

112 1171 234 1250 quidam
246 1173 388 1251 exemplo,
401 1174 450 1252 qui
464 1193 501 1232 ex
514 1175 606 1233 fratre
626 1183 772 1253 comperta
795 1175 850 1252 ipsi
872 1175 1047 1250 nunciasset,
1062 1175 1133 1234 Par·

111 1266 256 1325 menionis
267 1267 369 1343 filium,
378 1268 553 1329 Praefectum
563 1271 719 1348 equitatus,
731 1271 856 1330 omnium
866 1289 1033 1329 areanorum
1044 1269 1133 1349 Regis

110 1361 258 1421 arbitrum
269 1382 276 1439 ;
299 1362 452 1422 simulasse
465 1364 554 1422 etiam
566 1385 625 1423 non
637 1370 754 1427 vacasse
767 1358 891 1425 sermoni
902 1385 952 1427 suo
967 1366 1086 1445 Regem,
1096 1384 1133 1424 no

111 1456 203 1515 index
224 1457 314 1515 alitam
336 1457 548 1518 internuncium
567 1468 715 1538 quareret.
767 1455 972 1521 Nioomaahnm
994 1460 1132 1540 religione

109 1571 226 1631 quoque
239 1553 337 1611 Derim
357 1552 540 1630 adstrictum,
556 1556 786 1615 ”conscientiam
799 1575 880 1617 suam
903 1575 1056 1615 exonerare
1069 1574 1132 1633 pro-

108 1652 249 1725 perasse:
270 1647 424 1724 Philotam,
438 1658 607 1727 oonsumpto
619 1670 671 1729 per
692 1650 791 1710 ludum
809 1653 959 1730 jocumque
972 1651 1045 1729 penis
1068 1658 1132 1711 toto

110 1743 172 1818 die,
184 1750 338 1821 gravatum
358 1762 421 1803 asse
441 1763 532 1822 pausa
553 1746 649 1821 verba,
673 1746 710 1806 ad
732 1753 819 1824 eaput
839 1746 932 1825 Regis
945 1746 1130 1823 pertinentia,

10 1884 14 1891 .
108 1845 174 1897 tam
187 1837 271 1917 longo
286 1845 316 1897 et
328 1839 450 1898 forsitan
461 1829 643 1917 supervacuo
652 1840 778 1901 inserere
791 1840 924 1901 sermoni.
967 1840 987 1870 ¹⁸
997 1839 1042 1898 At
1055 1840 1132 1899 enirn
1229 1844 1233 1853 “

109 1954 172 1992 non
192 1933 350 1993 credidisse
364 1934 436 1993 talia
449 1936 647 1996 deferentibus
669 1936 783 2013 pueris!
805 1956 856 1995 our
869 1936 962 2014 igitur
983 1935 1003 1965 ¹⁴
1013 1942 1130 1995 extrax-

112 2030 190 2089 isset
213 2029 343 2104 biduum,
358 2037 496 2108 tanquam
522 2031 630 2090 indioio
643 2032 763 2091 haberet
776 2030 888 2117 fidem?
917 2014 1131 2089 Dimittendum

109 2126 204 2185 fnisse
233 2124 414 2201 Cebalinum,
440 2126 466 2184 si
499 2125 675 2186 delationem
702 2128 765 2205 ejus
794 2126 955 2186 damnabat.
1018 2126 1055 2185 In
1077 2145 1129 2187 suo

109 2241 256 2301 quemque
278 2220 406 2298 perieulo
430 2241 567 2301 magnum
591 2223 717 2282 animum
742 2223 868 2283 habere:
891 2226 955 2282 edm
978 2222 1014 2282 de
1036 2223 1129 2282 salute

111 2317 208 2395 Regis
221 2317 383 2392 timeretur,
394 2317 529 2376 credulos
543 2337 606 2377 esse
617 2317 721 2378 debere
733 2338 740 2396 ;
756 2327 831 2377 vana
841 2337 954 2398 quoqne
965 2318 1128 2378 deferentes

110 2412 298 2471 admittere.''
340 2410 450 2473 Omnes
474 2413 565 2491 igitur
578 2414 768 2493 quastionem
792 2414 829 2475 de
851 2433 895 2490 eo,
915 2422 950 2474 ut
970 2415 1128 2494 participes

110 2507 233 2568 soeleris
254 2507 384 2566 iudieare
406 2516 566 2586 cogeretur,
586 2509 747 2569 habendam
767 2529 830 2570 esse
852 2511 1018 2570 dooernnnt.
1061 2510 1128 2569 Rex

109 2603 288 2675 admonitos,
312 2609 348 2660 ut
375 2602 529 2661 eonsilium
550 2603 667 2664 silentio
687 2611 861 2682 premerent,
881 2604 1014 2664 dimittit
1057 2604 1127 2663 Pro

109 2697 247 2758 nuneisri
261 2696 367 2756 deindd
380 2697 439 2756 iter
451 2698 482 2756 in
494 2706 644 2776 posterum
660 2700 736 2758 diem
748 2701 842 2778 jubet,
854 2719 891 2758 na
905 2719 963 2778 qua
977 2700 1046 2758 novi
1060 2700 1128 2760 initi

109 2793 229 2854 eonsilii
242 2792 361 2851 daretur
374 2799 452 2852 nota
514 2794 663 2854 Invitatus
683 2802 728 2853 est
749 2795 837 2855 etiam
852 2794 990 2853 Philotas
999 2793 1041 2856 ad
1061 2795 1127 2853 ulti·

109 2908 176 2948 mus
189 2887 246 2965 ipsi
260 2886 377 2965 epulus:
399 2901 430 2946 et
443 2908 496 2947 rex
508 2908 567 2948 non
581 2909 695 2948 ooenare
716 2887 810 2963 modo,
826 2887 877 2948 ssd
899 2888 987 2947 etiam
1006 2888 1139 2960 familia,

110 2985 188 3044 riter
211 2982 337 3061 oolloqni
361 3001 426 3042 eum
445 3001 478 3042 ao
499 3003 585 3063 quem
604 2985 799 3056 damnaverat,
815 2983 960 3043 sustinuit.
994 2982 1128 3044 Seonndt

111 3079 221 3140 deinde
244 3079 355 3158 vigilia,
378 3078 537 3139 luminibus
561 3080 709 3156 extinctis,
738 3099 803 3138 eum
829 3080 930 3157 pausis
960 3079 991 3138 in
1017 3080 1128 3160 regiam

111 3182 222 3236 ootunt
236 3174 437 3252 Hephaestion,
452 3181 483 3234 et
498 3174 645 3248 Craterus,
662 3182 692 3234 at
715 3173 829 3254 Coenus,
843 3182 874 3234 et
894 3175 1041 3256 Erigyius.
1086 3175 1128 3236 Hi

111 3291 152 3331 ex
166 3270 305 3329 ”amieis
348 3270 398 3330 Ex
421 3271 574 3350 armigeris
596 3279 701 3348 autem,
726 3271 892 3346 Perdiooas,
913 3278 943 3331 st
969 3272 1124 3332 Leonatus.

113 3367 176 3426 Per
199 3366 252 3425 hos
275 3365 458 3444 imperatum,
478 3372 514 3425 ut
536 3367 588 3446 qui
612 3366 789 3426 Praetorium
813 3367 1004 3443 exoubabent,
1025 3367 1129 3426 armati

112 3460 280 3540 vigilarent
435 3531 439 3535 ,

175 3561 222 3616 25.
246 3556 317 3616 Jam
331 3556 369 3616 ad
393 3575 492 3617 omnes
514 3557 613 3617 aditus
634 3557 768 3636 dispositi
789 3559 914 3634 milites;
936 3557 1049 3636 equites
1062 3575 1129 3636 quo·

113 3673 172 3733 que
194 3653 301 3712 itinera
314 3652 447 3713 obsidere
469 3654 554 3730 jussi,
569 3674 605 3713 ne
626 3655 693 3733 quis
707 3655 744 3712 ad
766 3654 987 3714 Parmenionem
1001 3653 1053 3730 qui
1067 3659 1130 3710 tum

116 3749 235 3825 Mediae,
248 3748 421 3828 magnisque
433 3750 524 3827 copiis
536 3760 670 3826 praeerat,
682 3750 811 3809 oooultus
825 3748 969 3808 evaderet.
1006 3748 1130 3808 Attaras

115 3854 214 3904 sutem
228 3863 296 3904 oum
311 3841 450 3904 lreoentis
463 3845 582 3904 armatis
603 3847 763 3904 intraverat
776 3845 892 3923 regiam
936 3843 1017 3904 linio
1030 3843 1130 3903 desem

317 3942 352 3997 61
