2592 4400
170 402 210 461 84
510 418 648 469 on1rsr1
676 418 829 459 courir.

168 566 282 617 naturae
302 556 418 636 genium
440 557 608 615 amenitate
628 556 716 633 bujus
730 556 825 633 operis
845 554 962 615 imitari
1006 554 1129 617 Diutids
1149 558 1180 616 in
1279 532 1280 555 ³

169 652 225 711 hac
247 652 320 711 urbe
342 653 431 731 qudm
451 671 574 731 usquam
598 652 729 711 eonstitit
751 652 826 725 Rex,
847 670 900 711 nec
920 652 999 711 ullus
1020 652 1104 711 locus
1125 653 1179 711 dis-
1280 708 1281 731 ,

168 746 284 825 ciplime
305 747 427 806 militari
450 748 544 825 magis
562 748 670 806 nocuit.
715 746 799 805 Nibil
822 746 904 807 urbis
927 748 991 823 ejus
1012 748 1180 825 corruptius
1280 744 1281 759 ¹

168 826 452 916 matronensem
472 842 630 901 micenas
651 840 868 920 auerteratque
889 840 1060 901 immoene
1081 842 1177 920 volup

96 941 113 999 l
124 932 244 1010 &lates
270 936 449 997 instructius
505 936 676 997 Convivales
704 936 767 995 ludi
795 940 858 994 tota
886 934 1008 995 Perside
1044 936 1179 1016 Regibus
1281 979 1282 1011 ss

167 1033 391 1115 purpuratisque
413 1032 494 1091 cordi
515 1038 591 1091 sunt
641 1030 799 1109 Babylonii
818 1030 942 1089 maxime
964 1032 994 1089 in
1015 1032 1126 1106 vinum,
1149 1041 1178 1091 et

166 1147 232 1205 quar
245 1128 415 1188 ebrietatem
429 1133 597 1206 sequuntur,
611 1128 632 1155 ‘⁰
645 1126 729 1185 effusi
744 1132 819 1185 suut
872 1126 892 1155 ‘¹
902 1126 1100 1185 Foeminarum
1115 1147 1177 1185 cou-

166 1222 245 1306 viyia
257 1223 419 1281 ineuntium
433 1223 464 1280 in
476 1222 619 1300 principio
633 1221 782 1279 modestus
796 1228 840 1279 est
853 1220 979 1295 habitus,
989 1220 1057 1280 dein
1067 1242 1178 1281 summa
1282 1285 1283 1302 ,

165 1336 289 1396 qumque
308 1316 432 1375 amicula
445 1324 563 1391 exuunt,
577 1316 778 1395 paulatimque
791 1316 929 1393 pudorem
944 1318 1117 1405 profanant3
1140 1318 1174 1375 ad
1282 1312 1283 1323 ¹

90 1412 303 1491 [qonltimum
326 1412 460 1487 ⁴⁸(honos
482 1412 601 1471 mribus
624 1411 742 1471 babitus
764 1411 815 1489 sit)
838 1410 898 1470 ima
928 1430 1081 1487 corporum
1103 1413 1176 1472 vela·

166 1515 264 1565 menta
276 1506 453 1584 projiciunt:
473 1526 526 1565 nec
539 1506 723 1565 meretricum
744 1506 797 1564 boc
811 1506 936 1581 dedecus
945 1498 992 1564 'est
1006 1507 1058 1565 sed
1072 1516 1176 1565 mutro-

166 1622 268 1661 nnrum
282 1603 484 1682 virginumque
505 1602 583 1680 apud
605 1622 678 1681 quas
698 1602 819 1662 comitas
839 1601 960 1662 habetur
980 1601 1093 1679 vulgati
1115 1622 1176 1661 oor·

165 1698 246 1775 poris
259 1698 367 1757 vilitas

225 1797 252 1852 6.
275 1793 358 1852 Inter
385 1794 448 1853 hmo
474 1792 586 1870 flagitia
610 1791 759 1851 exercitus
786 1790 836 1849 illa
863 1790 989 1849 domitor
1017 1791 1099 1851 Asiae
1125 1812 1180 1869 per
1283 1778 1284 1801 i

95 1880 258 1950 lesum
285 1889 347 1947 dies
374 1888 533 1967 saginatus,
560 1886 598 1945 ad
625 1905 750 1965 eaquae
777 1886 972 1963 sequebantur
1000 1886 1178 1964 discrimina,

166 1984 245 2043 baud
260 1983 348 2044 dubid
362 1984 485 2044 debilior
498 1984 615 2041 futurus
626 1981 647 2010 ⁴⁸
658 1982 726 2055 fuit,
741 1980 767 2039 si
786 1980 899 2039 bostem
913 1979 1070 2041 habuisset.
1115 1982 1179 2042 Om-

156 2076 268 2152 terim,
282 2081 340 2156 qud
354 2080 452 2137 minus
473 2078 610 2136 damnum
631 2076 763 2149 sentiret,
785 2075 945 2133 identidem
966 2076 1179 2137 “incremento

165 2174 333 2234 notabatur.
385 2174 519 2253 Namque
541 2172 716 2252 “Amyntae
742 2170 935 2230 Andromeuie
956 2172 992 2231 ab
1015 2172 1178 2251 Antipatro

165 2256 358 2328 Macedonum
382 2269 512 2346 peditum
536 2288 589 2327 aex
612 2267 705 2326 millia
728 2267 871 2326 adduxit:
902 2269 1076 2346 quingentos
1104 2289 1177 2345 prae-

87 2365 149 2427 Ιῖθ
166 2364 248 2439 terei
261 2362 390 2439 ejusdem
403 2363 518 2439 generis
531 2363 652 2441 equites.
706 2360 778 2421 Onm
793 2361 839 2420 bis
853 2381 891 2420 no
907 2361 1044 2436 Thracas,
1060 2363 1176 2439 adjunc-

166 2460 205 2516 tis
229 2457 378 2536 peditibus
401 2477 462 2517 eure
482 2458 577 2536 gentis
597 2457 694 2517 tribus
708 2456 836 2516 millibus
859 2463 889 2514 et
908 2457 1083 2535 quingentis.
1127 2459 1176 2517 Ex

165 2554 365 2629 Pdoponneso
380 2552 573 2612 mercenarius
592 2551 677 2611 miles
699 2551 737 2610 ad
758 2559 884 2630 quatuor
898 2551 990 2609 millia
1011 2551 1175 2628 advenerat,

163 2667 229 2712 cum
244 2665 381 2706 ccccxxx
394 2647 548 2726 equitibus.
601 2647 687 2705 Idem
701 2646 846 2723 Amyntas
860 2646 1023 2705 adduxerat
1037 2648 1172 2727 quiuqua-

163 2744 245 2822 ginta
258 2742 419 2820 principum
435 2741 615 2802 Macedoniae
628 2741 736 2800 liberos
750 2741 866 2798 adultos
882 2741 918 2799 ad
940 2741 1100 2800 custodiam
1114 2763 1173 2802 cor·

94 2833 251 2915 lffsporis.
295 2837 410 2916 Quippe
425 2840 502 2896 inter
523 2837 624 2915 epulas
646 2837 676 2895 hi
699 2844 768 2895 sunt
783 2837 875 2914 Regis
890 2837 1024 2895 ministri.
1068 2837 1172 2896 Iidem·

86 2965 91 2975 ι
163 2953 220 3013 que
234 2953 324 3012 equos
347 2934 461 2992 ineunti
474 2933 607 3011 praelium
620 2933 783 3004 admovent,
804 2938 1014 3010 venantemque
1036 2935 1172 2991 comitan-

163 3036 222 3101 tur,
235 3036 267 3086 et
279 3029 299 3056 ‘⁴
312 3029 478 3106 vigiliarum
492 3029 569 3087 vices
591 3036 659 3086 unte
673 3027 798 3086 cubiculi
812 3027 888 3084 fores
903 3035 1038 3085 servant:
1060 3047 1172 3108 magno·

164 3143 284 3200 rumque
307 3123 516 3182 Praefectorum
540 3131 571 3182 et
592 3123 708 3181 Ducum
732 3122 793 3181 baec
813 3120 1021 3181 “incrementa
1046 3132 1123 3196 sunt,
1143 3132 1173 3182 et
1225 3186 1238 3210 η

164 3212 337 3278 rudimenta.
380 3217 487 3294 Igitur,
503 3217 570 3279 Rex
584 3219 644 3276 arci
659 3217 832 3295 Babyloniae
846 3217 1002 3296 Agathone
1015 3220 1173 3295 praesidere

83 3308 148 3374 ste
167 3316 261 3392 jusso,
285 3331 351 3370 cum
372 3312 563 3388 septingentis
591 3313 792 3386 Macedonum,
821 3313 1014 3390 trecentisque
1041 3315 1173 3373 mercede

163 3407 323 3482 conductis,
339 3405 495 3483 Praetores,
508 3407 559 3484 qni
578 3408 689 3484 regioni
704 3406 884 3484 Babyloniae,
901 3413 930 3464 et
944 3407 1057 3465 civitati
1071 3427 1174 3484 praees·

164 3511 237 3577 sent,
253 3503 400 3562 Menetem
414 3508 444 3558 et
458 3500 669 3577 Apollodorum
691 3501 819 3579 reliquit
863 3501 921 3559 His
942 3500 999 3558 duo
1020 3500 1112 3560 millia
1126 3521 1173 3579 pe-

165 3599 260 3656 ditum
282 3616 348 3655 cum
369 3595 449 3654 mille
471 3595 591 3655 talentis
613 3595 689 3654 data.
733 3596 858 3673 Utrique
880 3605 1067 3673 preceptum,
1089 3599 1175 3655 utin

165 3691 398 3768 supplementum
411 3689 520 3748 milites
540 3689 677 3767 legerent.
722 3689 863 3748 Mazaeum
885 3690 1064 3766 transfugam
1080 3691 1174 3749 Satra-

95 3787 214 3864 lifpiss
228 3786 400 3864 Babyloniae
412 3785 509 3844 donat
551 3784 765 3862 Bagophanem,
779 3785 829 3861 qui
843 3803 937 3842 arcem
959 3783 1129 3861 tradiderat,
1145 3805 1175 3844 se

165 3881 248 3961 sequi
258 3882 356 3958 jussit.
398 3880 539 3940 Armenia
554 3879 696 3938 Mithreni
719 3879 854 3939 Sardium
876 3879 1017 3956 proditori
1038 3879 1108 3938 data
1121 3887 1174 3940 est
