2592 4400
391 365 511 406 arnna
536 364 591 404 vr.
619 364 702 405 car.
730 364 763 405 v.
1032 351 1086 409 119

52 504 84 564 ei
99 502 244 579 occurrit,
258 522 354 583 seque,
369 510 463 563 steca
482 504 534 583 qui
558 510 625 581 post
645 502 729 562 Darii
749 512 872 564 mortem
886 480 1170 584 profugemns‚³²s

52 600 194 675 dedens3
217 600 323 678 quibus
336 599 459 678 benigni
473 600 610 677 exceptis,
625 600 663 657 ad
678 600 816 677 oppidum
832 600 928 659 Arvas
942 602 1082 679 pervenit.
1115 598 1118 605 ²

53 696 124 754 Hic
152 696 181 754 ei
208 694 346 755 Gruterus
371 702 400 753 et
423 691 562 773 Erigyius
590 702 762 771 occurrunt3
795 695 968 756 Praefectum
990 696 1082 775 Papy-

51 811 165 849 rorum
186 790 283 870 gentis
305 789 482 848 Phradatem
502 790 693 849 adduxerant.
738 790 797 849 Hic
810 810 924 869 quoque
946 792 976 849 in
996 792 1082 850 fidem

52 893 209 963 receptus,
229 885 332 944 multis
356 886 491 963 exemplo
504 886 563 944 fuit
587 885 757 963 experiendi
777 885 959 943 clementiam
980 886 1080 963 Regis.
1100 958 1105 969 ἕ

54 981 221 1058 Satrapem
231 979 336 1039 deinde
347 980 504 1058 Hyrcaniae
513 980 595 1039 dedit
606 980 762 1057 Menapim.
789 979 870 1038 Exul
878 980 933 1055 hic,
945 989 1081 1059 regnante
1099 964 1121 1025 3¹
1133 968 1148 1019 ²
1157 984 1178 1023 0

55 1075 158 1149 Ocho,
174 1074 213 1133 ad
227 1075 398 1153 Philippum
412 1083 591 1155 pervenerat
642 1074 824 1153 Tapyrorum
838 1095 952 1155 quoque
965 1081 1081 1155 gentem

54 1170 211 1229 Phradati
224 1170 360 1229 reddidit

119 1264 164 1325 V.
190 1267 234 1323 10.
258 1265 386 1344 Jamque
410 1264 478 1324 Rex
499 1265 604 1324 ultima
629 1265 788 1343 Hyrcaniae
814 1266 983 1342 intraverat,
1013 1268 1081 1325 calm

54 1360 239 1433 Artabazus,
255 1360 352 1439 (quem
376 1360 468 1419 Dario
491 1360 693 1419 fidelissimum
713 1361 803 1420 fuisse
825 1363 914 1440 suprd
929 1361 1079 1441 diximus)

54 1474 124 1513 cum
149 1456 323 1535 propinquis
346 1454 437 1530 Darii,
451 1475 485 1514 ac
506 1456 567 1514 suis
589 1455 699 1531 liberis,
714 1456 885 1536 modiceque
910 1456 1079 1517 Graecorum
1117 1473 1144 1501 ··
1175 1480 1180 1498 ·

52 1550 192 1609 militum
216 1570 313 1625 manu,
340 1551 474 1609 occurrit.
531 1551 673 1610 Dextram
702 1552 830 1611 venienti
858 1553 966 1613 obtulit
993 1553 1078 1613 Rex:

54 1647 170 1724 quippe
184 1654 215 1704 et
229 1647 334 1723 hospes
349 1645 479 1724 Philippi
499 1646 604 1721 fuerat,
625 1648 703 1721 olim,
720 1646 802 1708 Ocho
818 1656 965 1725 regnante,
980 1648 1079 1707 exula-

55 1748 120 1818 ret,
145 1743 199 1800 ¹et
222 1742 343 1819 hospitii
366 1742 487 1821 pignora
511 1742 541 1800 in
562 1742 674 1821 Regem
696 1762 780 1801 suum
794 1742 831 1800 sd
852 1742 987 1801 ultimum
1007 1745 1078 1802 fides

57 1844 233 1896 conservata
255 1838 396 1897 vincebat.
457 1837 587 1899 Comiter
615 1838 705 1917 igitur
733 1846 881 1915 exceptus,
911 1842 928 1871 “
941 1838 988 1896 Tu
1014 1839 1077 1917 qui·

57 1930 157 2007 dem,”
174 1932 278 2010 inquit,
292 1937 309 1965 “
321 1933 398 2007 Rex,
412 1938 554 2010 perpetua
568 1934 708 1991 felicitate
723 1933 833 1992 floreas.
885 1933 949 2011 Ego
963 1934 1084 2019 seceris,
1102 1930 1108 1958 ³
1132 1922 1137 1934 ’

55 2024 156 2103 laetus,
173 2028 229 2086 hoc
252 2048 310 2087 uno
335 2036 481 2106 torqueor,
501 2029 579 2107 qudd
602 2029 747 2107 praecipiti
771 2036 919 2087 senectute
943 2029 995 2087 diu
1019 2030 1077 2089 frui

57 2127 110 2181 tut
125 2124 260 2185 bonitate
274 2144 331 2183 nou
345 2125 482 2203 possim.’'
534 2124 764 2204 Nonagesimum
779 2133 809 2183 et
822 2124 955 2204 quintum
970 2145 1076 2185 annum

58 2220 176 2297 agebat·
215 2220 244 2278 N
247 2240 330 2281 ovem
348 2223 481 2298 juvenes,
495 2240 594 2280 omnes
617 2221 720 2279 eadem
743 2229 834 2280 matre
847 2221 948 2301 geniti,
963 2230 1076 2299 patrem

58 2317 282 2375 comitabantur.
327 2317 393 2376 Hos
415 2317 580 2377 Artabazus
605 2318 718 2377 dextrae
741 2317 834 2396 Regis
857 2317 994 2396 admovit,
1014 2339 1074 2396 pre·

59 2418 141 2470 catus
155 2421 193 2470 ut
207 2413 319 2470 tamdiu
331 2413 463 2472 viverent
477 2413 566 2472 donec
579 2413 667 2472 utiles
682 2413 852 2472 Alexandro
867 2421 971 2473 essent.
1008 2415 1075 2474 Rex
1156 2411 1158 2419 '

58 2507 186 2582 pedibus
209 2509 267 2566 iter
288 2509 459 2587 plerumque
481 2509 614 2568 iaciebat.
667 2508 755 2567 ‘Tunc
783 2509 930 2569 admoveri
960 2510 1016 2570 sibi
1045 2518 1075 2570 et

60 2603 210 2664 Artabano
233 2624 323 2683 equos
344 2605 443 2682 jussit,
465 2625 510 2681 ne,
531 2606 594 2683 ipso
615 2605 797 2683 ingrediente
824 2605 956 2682 pedibus,
986 2625 1074 2665 senex

59 2716 131 2776 equo
146 2699 214 2759 vehi
235 2701 425 2758 erubesceret.
467 2700 590 2775 Deinde,
600 2707 635 2759 ut
648 2707 744 2759 castra
757 2709 826 2759 sunt
838 2700 943 2777 posita,
956 2699 1074 2760 Graecos

59 2812 131 2869 quos
154 2794 321 2853 Artabanus
345 2795 514 2870 adduxerat,
542 2795 695 2855 convocari
719 2795 810 2872 jubet.
866 2795 910 2853 At
937 2794 990 2869 illi,
1017 2796 1074 2854 nisi

61 2885 290 2949 Lacedaemoniis
303 2908 417 2969 quoque
441 2897 471 2948 et
492 2890 702 2968 Sinopensibus
722 2889 794 2948 fides
816 2889 942 2964 daretur,
957 2909 1072 2967 respon·
1098 2875 1101 2883 Δ
1127 2890 1131 2902 '
1170 2932 1174 2940 ·

61 2982 138 3060 dent,
167 3003 201 3044 se
227 2986 299 3064 quid
325 2985 470 3062 agendum
496 2986 568 3063 ipsis
594 2986 671 3044 foret
698 2985 917 3044 deliberaturos.
969 2985 1078 3064 Legati¹

61 3088 142 3138 erant
166 3080 454 3140 Lacedaemoniorum
477 3080 561 3139 missi
582 3080 620 3140 ad
647 3079 778 3156 Darium,
800 3099 856 3158 quo
877 3081 962 3159 victo,
984 3082 1073 3160 appli-

62 3182 181 3233 cuerant
195 3194 226 3234 se
241 3174 352 3234 Graecis
366 3175 496 3233 mercede
517 3175 596 3252 apud
618 3174 725 3234 Persas
750 3175 952 3236 militantibus.
995 3177 1072 3251 Rex,

62 3269 174 3331 omissis
199 3271 385 3348 sponsionum
417 3270 543 3349 fideique
569 3270 747 3349 pignoribus,
775 3271 873 3330 venire
901 3291 950 3332 eos
974 3273 1072 3349 jussit,

63 3361 215 3439 fortunam,
239 3385 325 3443 quam
347 3365 410 3443 ipse
434 3365 574 3439 dedisset,
598 3365 759 3424 habituros.
813 3365 873 3425 Diu
893 3375 1071 3441 cunctantes,
1140 3371 1156 3422 ’,

63 3456 206 3540 plerisque
230 3458 351 3518 consilia
376 3461 565 3533 variantibus,
590 3461 708 3520 tandem
729 3470 865 3520 venturos
888 3481 918 3520 se
938 3461 1071 3539 pollicen-

66 3559 118 3611 tur.
158 3557 205 3615 Aa
229 3555 418 3614 Democrates
440 3555 639 3630 Atheniensis,
661 3556 711 3634 qui
734 3557 858 3614 maxime
881 3555 1072 3614 Macedonum

66 3649 163 3722 opibus
188 3670 299 3728 semper
319 3651 484 3725 obstiterat,
506 3650 592 3709 venii
615 3651 777 3727 desperata,
803 3650 901 3727 gladio
925 3669 955 3708 se
981 3657 1072 3707 trans·

66 3739 132 3818 figit.
174 3745 292 3820 Oaeteri,
308 3746 386 3805 sieut
408 3745 629 3819 constituerant,
652 3746 756 3804 ditioni
777 3744 941 3804 Alexandri
964 3745 1072 3821 seipsos
1152 3797 1182 3819 ,,

67 3841 254 3910 permittunt:
275 3841 356 3900 mille
369 3848 400 3900 et
421 3860 442 3900 n
462 3841 571 3900 milites
584 3847 673 3899 erant.
728 3839 841 3900 Praeter
857 3839 918 3912 hos,
933 3839 1021 3918 legati
1034 3840 1072 3900 ad
1089 3823 1118 3870 '¹'
1148 3822 1155 3843 ¹
