2592 4400
191 362 249 420 112
535 376 675 427 curaui
705 378 844 417 cuarrr

187 515 246 575 nisi
268 514 384 575 saucius
396 513 518 575 revertit
540 514 571 573 in
593 520 697 573 castra
752 514 826 573 Hac
840 514 964 573 victoria
984 532 1042 573 non
1067 514 1208 593 sperum

187 610 275 669 nrcdd
298 610 447 687 sociosque
473 612 546 687 ejus,
569 610 622 669 sed
645 610 734 669 etiam
758 610 930 689 omnesqui
956 609 1108 669 fortunam
1132 609 1208 669 belli

118 711 398 782 tt'apactaverant,
420 702 517 781 tregit
559 704 623 763 Nec
643 704 765 763 mllebat
786 704 985 780 Antipatrum,
1015 706 1034 733 ¹⁰
1044 704 1208 763 dissentire

188 800 225 858 ab
249 798 352 857 animis
374 797 583 877 gratulantium
607 797 726 857 vultus:
755 798 807 857 sed
831 797 939 857 bellum
960 798 1043 857 finire
1063 800 1208 876 cupienti,

188 912 262 971 opus
274 901 338 953 erat
351 892 463 969 docipi;
485 899 515 951 et
536 912 700 971 quanquam
713 893 830 953 fortuna
850 913 947 953 rerum
967 893 1110 971 placebat,
1131 894 1207 953 invi-

190 990 268 1049 diam
293 997 401 1061 umen,
427 986 498 1066 quia
519 989 644 1063 majores
668 1006 716 1045 res
739 994 830 1063 erant,
851 988 939 1066 quiam
962 1007 1035 1067 quas
1060 988 1207 1049 Praefecti

188 1085 292 1145 modus
319 1090 443 1160 caperet,
471 1082 634 1156 metuebat,
665 1082 772 1161 quippe
799 1082 968 1143 Alexander
994 1082 1094 1141 hostes
1122 1084 1207 1143 muci

170 1180 326 1254 voluerat,
348 1176 539 1253 Antipatrum
562 1176 666 1237 vicisse
681 1178 698 1205 ¹¹
711 1196 747 1237 na
767 1176 874 1235 tacitus
894 1177 1011 1256 quidem
1032 1177 1206 1257 indignaba-

189 1284 252 1351 tur,
288 1292 350 1333 suae
375 1271 525 1347 demptum
550 1269 652 1349 gloriae
684 1272 863 1347 existimans,
890 1272 1027 1351 quicquid
1063 1274 1207 1333 cessisset

189 1368 300 1427 alienae.
363 1364 468 1443 Itaque
493 1364 652 1441 Antipater
675 1365 726 1443 qui
748 1364 837 1442 probe
861 1368 960 1425 nosset
983 1365 1105 1445 spiritua
1127 1369 1205 1445 ejus,

187 1482 247 1523 uon
267 1468 313 1519 eat
333 1479 421 1519 ausus
440 1459 501 1537 ipse
526 1459 639 1537 ¹¹agere
662 1460 784 1521 arbitrie
804 1460 952 1521 victoria:
973 1461 1026 1519 sed
1044 1461 1206 1519 concilium

189 1556 367 1629 Graecorum,
388 1554 458 1633 quid
479 1554 543 1613 lieri
563 1553 700 1631 placeret,
722 1554 874 1615 consuluit.
925 1555 956 1613 A
979 1574 1036 1633 quc
1063 1555 1204 1615 Lacedae·

159 1661 171 1701 5
188 1651 287 1725 monii,
300 1649 374 1709 nihil
386 1647 475 1724 aliud,
489 1650 578 1727 quim
587 1654 622 1707 ut
634 1657 765 1710 oratores
779 1649 816 1707 ad
831 1648 943 1727 Regem
956 1650 1074 1709 mittere
1087 1650 1204 1724 liceret,

119 1743 125 1754 ’
189 1746 333 1824 Tegeam,
361 1744 475 1803 veniam
501 1742 680 1817 defectionis,
715 1750 822 1820 praeter
855 1752 997 1819 auctores,
1026 1744 1204 1821 impetrave-

188 1848 266 1899 runt.
308 1836 569 1915 Megalopolitanis,
592 1856 716 1914 quorum
737 1837 808 1896 urbs
830 1844 894 1897 erat
918 1838 1037 1899 obsessa
1062 1859 1081 1897 a
1105 1839 1205 1897 defec·
1273 1838 1274 1847 ’

190 1936 279 1995 tionis
292 1934 389 2007 sociis,
404 1931 508 1991 Achaei
521 1938 551 1989 et
572 1931 639 1989 Elei
659 1939 774 1991 centum
788 1932 895 2011 viginti
913 1932 1023 1991 talenta
1036 1932 1105 1991 dare
1123 1935 1205 2011 jussi
1273 1958 1274 1985 u

188 2037 264 2089 sunt
306 2028 368 2087 Hic
381 2026 441 2085 fuit
454 2025 550 2083 exitus
566 2025 644 2097 belli,
658 2026 736 2103 quod
750 2026 869 2103 repenti
881 2033 987 2100 crtum,
1001 2026 1087 2103 pride
1101 2034 1205 2087 tamen
1273 2074 1274 2103 ,

188 2125 301 2185 linitum
314 2128 369 2195 eat,
383 2123 470 2201 quam
484 2119 606 2179 Darium
619 2120 789 2181 Alexander
804 2120 881 2200 apud
895 2121 1007 2181 Arbela
1017 2132 1180 2200 superaret
1273 2138 1274 2162 ³

248 2218 293 2278 11.
315 2220 341 2275 4.
363 2216 423 2277 Sed
443 2223 477 2274 ut
496 2216 620 2294 primam
640 2217 819 2277 instantibus
839 2217 917 2276 curis
937 2217 1054 2276 laxatus
1074 2225 1120 2278 est
1142 2219 1202 2276 ani·

188 2332 262 2387 runs,
282 2311 452 2370 militarium
473 2331 571 2370 rerum
594 2312 683 2390 quiam
703 2312 810 2392 quietis
832 2312 941 2391 otiique
961 2313 1129 2390 patientior,
1152 2334 1202 2374 ex·

189 2414 291 2486 cepere
312 2427 377 2466 cum
395 2406 579 2484 voluptates:
600 2415 633 2465 et
653 2427 740 2484 quem
760 2427 840 2466 arma
860 2407 1017 2468 Persarum
1037 2427 1096 2466 non
1108 2409 1203 2488 frege-

189 2510 264 2578 rant,
286 2503 359 2562 vitia
379 2502 516 2562 vicerunt.
571 2502 783 2580 Intempestive
807 2501 947 2577 convivit,
969 2509 999 2561 ct
1025 2504 1202 2580 perpotandi

137 2640 141 2651 .
188 2598 436 2678 pervigilandique
451 2597 570 2656 ¹insana
588 2596 722 2672 dulcedo,
745 2597 863 2678 ludique
886 2604 915 2657 et
927 2617 1029 2676 greges
1051 2599 1200 2675 pellicum,

189 2694 305 2754 ’omnia
329 2694 361 2754 in
387 2701 539 2752 externum
565 2693 646 2770 lapsa
666 2711 791 2752 morem:
824 2713 910 2772 quem
934 2694 1088 2752 aemulatus
1115 2695 1201 2773 quasi

188 2791 329 2870 potiorem
341 2810 403 2864 suo,
418 2790 462 2848 itd
483 2788 666 2867 popularium
679 2789 789 2848 animos
811 2789 965 2868 oculosque
987 2791 1098 2868 pariter
1112 2792 1201 2851 offen·

189 2886 241 2963 dit,
253 2893 289 2944 ut
301 2906 319 2944 a
331 2884 475 2963 plerisque
487 2883 644 2944 amicorum
664 2903 716 2961 pro
738 2883 820 2944 hoste
842 2883 1004 2946 haberetur.
1068 2885 1201 2945 Tenaces

189 2981 295 3060 quippe
317 2979 478 3058 disciplinae
498 2999 569 3054 aute,
582 2979 742 3058 solitosque
764 2999 850 3058 parco
872 2999 905 3040 ac
927 2979 1052 3058 parabili
1066 2982 1146 3039 victu
1161 2983 1201 3040 ad

190 3074 336 3151 implenda
354 3082 467 3134 naturae
487 3074 631 3134 desideria
644 3075 655 3104 ⁸
666 3075 791 3152 defungi,
804 3075 834 3134 iu
855 3077 1007 3154 peregriua
1021 3083 1050 3133 et
1073 3077 1200 3136 devicta·

189 3189 254 3228 rum
273 3169 403 3246 gentium
425 3169 502 3228 mala
519 3169 682 3246 impulerat
745 3169 824 3230 Hinc
845 3171 953 3247 saepius
973 3179 1147 3248 comparatae
1169 3174 1200 3232 ia

188 3270 275 3343 caput
288 3265 351 3340 ejus
365 3262 488 3337 insidiae,
502 3265 624 3324 secessio
636 3265 771 3342 militum,
786 3273 817 3324 et
829 3264 965 3326 ‘liberior
985 3266 1061 3324 inter
1082 3275 1200 3328 mutuas

188 3359 321 3441 querelas
334 3357 433 3417 dolor:
453 3358 546 3435 ipsius
556 3358 661 3418 deinde
676 3379 751 3418 nunc
765 3360 816 3434 ira,
831 3379 907 3418 nunc
921 3361 1109 3438 suspiciones,
1123 3383 1199 3442 quas

188 3455 334 3516 excitabat
346 3453 525 3512 inconsultus
538 3473 635 3530 pavor,
648 3447 808 3534 caeterebue
823 3455 868 3514 his
883 3454 995 3528 similia,
1010 3476 1077 3534 quae
1090 3457 1199 3518 deinde

189 3553 329 3610 dicentur.
372 3548 469 3626 Igitur
482 3552 546 3606 cum
559 3548 770 3625 intempestivis
784 3549 924 3617 conviviis
938 3550 999 3608 dies
1010 3552 1119 3627 pariter
1132 3573 1198 3614 ncc-

119 3636 124 3649 '
188 3654 289 3725 tesque
310 3651 499 3719 consumeret,
513 3643 677 3702 satietatem
705 3645 853 3722 epularum
875 3646 953 3705 ludis
982 3636 1197 3725 interpellabat,

187 3760 246 3798 non
268 3745 420 3799 contentus
443 3739 583 3797 artificum
603 3757 676 3816 quoe
699 3759 715 3798 e
740 3737 856 3800 Grauia
882 3743 1061 3803 excitaverat
1096 3744 1194 3804 turbt.

189 3834 304 3912 Quippe
316 3834 439 3914 captivae
447 3832 625 3912 jubebantur
638 3853 691 3893 auo
704 3834 765 3898 ritu
784 3853 885 3896 cauare
906 3835 1084 3898 inconditum
1105 3846 1136 3898 et
1148 3838 1195 3900 ab
