2592 4400
198 412 256 473 166
330 450 334 458 ⁴
541 428 683 479 oururr
713 426 855 471 ouaurr

192 566 353 645 uoujeotaro
365 572 489 644 poterat,
502 572 610 645 quanta
620 566 769 627 hominum
781 564 938 627 multitudo
951 574 1035 627 aeret
1078 566 1205 645 Jamque

71 684 76 693 ·
192 661 245 721 lux
257 661 422 739 apparebat,
435 666 499 721 oum
511 662 657 721 thoraeem
670 661 796 737 indutus,
811 662 939 741 procedit
953 662 990 721 ad
1009 662 1130 738 militae,
1144 670 1205 721 tum

193 756 320 835 primum
343 756 529 834 poatvuluue
552 756 684 833 proxime
707 764 864 835 aoeeptuur.
906 757 1025 815 'Tanta
1039 765 1105 817 erat
1128 759 1203 834 apud
1284 802 1285 827 q

193 870 244 911 eoa
257 852 404 911 veneratio
418 851 520 931 Regio,
534 859 570 911 ut
582 850 669 911 faoild
683 852 815 928 perieuli,
828 852 906 930 quod
919 852 1093 925 horrebant·
1101 853 1204 929 eogita-

194 946 303 1005 tiouem
315 947 470 1024 presentia
491 947 556 1023 ejue
577 952 735 1005 exenterat.
780 946 858 1005 Laeti
878 948 956 1025 ergd,
972 954 1002 1005 et
1021 947 1205 1005 manantibus

194 1060 255 1119 pree
266 1040 373 1121 gaudio
386 1040 531 1118 laorymie,
552 1039 739 1099 consalutant
752 1059 837 1115 eum;
858 1047 889 1099 et
911 1040 989 1119 quod
1003 1040 1070 1099 autd
1086 1059 1202 1097 reouaa·
1259 1030 1272 1049 ⁶

194 1143 296 1195 verant
317 1131 434 1209 bellum
456 1134 568 1194 ferooee
589 1133 757 1211 depoeeuut.
801 1133 859 1193 Ille
886 1153 918 1193 ae
938 1134 1050 1195 ratibus
1076 1136 1206 1213 equitem

194 1230 421 1308 phalangemque
441 1235 707 1306 transportaturum
721 1246 785 1287 esee
806 1228 998 1306 pronuntiat:
1020 1247 1109 1304 super
1121 1237 1206 1287 utres

202 1325 288 1401 jubet
301 1344 369 1383 nare
383 1323 478 1383 levido
491 1330 623 1382 muratos.
675 1321 766 1381 Plura
779 1342 832 1381 aee
853 1323 911 1381 diei
931 1322 999 1382 ⁴ree
1013 1321 1206 1395 desideravit,

194 1437 248 1477 nee
272 1418 340 1477 Rex
362 1417 459 1478 dieere
481 1436 533 1495 per
555 1416 753 1477 valetudinem
780 1417 886 1495 potuit.
944 1416 1091 1477 Oeeterdm
1118 1422 1208 1475 tante

195 1513 346 1573 alaeritate
358 1512 485 1571 militum
506 1519 584 1573 ratee
603 1514 715 1588 junctae
737 1523 814 1586 eunt,
829 1511 908 1571 utin
922 1512 1053 1571 triduum
1076 1510 1114 1569 ad
1135 1512 1207 1570 duo-

195 1609 289 1668 deeim
312 1608 404 1667 millia
424 1609 535 1667 effeetee
556 1608 623 1666 aiut.
670 1607 797 1687 Jamque
819 1607 857 1665 ed
880 1607 1086 1665 transeundum
1108 1608 1209 1665 emnia

196 1710 382 1782 aptaverant:
403 1706 468 1763 edm
491 1702 581 1781 legati
604 1702 777 1780 Soytharum
798 1702 912 1781 viginti,
933 1723 1011 1762 more
1035 1703 1131 1781 geutia
1153 1723 1209 1781 per

195 1807 292 1859 oaetra
305 1798 387 1877 equis
406 1798 492 1870 raeti,
505 1797 637 1855 uuueiari
659 1796 764 1873 jubent
788 1797 874 1876 Regi,
889 1796 965 1857 velle
988 1796 1067 1873 ipsos
1081 1796 1118 1855 ed
1138 1816 1208 1855 eum

196 1893 333 1953 mandata
355 1892 492 1969 perferre.
535 1890 669 1950 Admissi
693 1890 723 1948 in
747 1889 972 1965 tabernaculum,
994 1891 1128 1970 jussique
1141 1910 1208 1949 eou-

196 1988 301 2064 aidere‚
315 1988 346 2047 iu
365 1987 451 2046 vultu
475 1986 567 2063 Regis
591 1986 750 2044 defixerant
771 1985 878 2060 oeulos,
901 1985 986 2045 eredo
1009 1986 1078 2064 quia
1099 1988 1209 2065 magni-

196 2084 298 2143 tudine
324 2082 452 2160 eorporis
484 2082 612 2140 animum
643 2080 865 2153 aeatimantibue,
899 2080 1028 2139 modiane
1055 2081 1209 2157 ‘habitue‚

196 2179 416 2258 haudquaquam
439 2177 525 2238 famae
550 2196 611 2254 par,
639 2174 799 2236 videbatur.
849 2174 987 2254 'Scythis
1014 2182 1115 2236 autem
1138 2198 1209 2255 non,

196 2280 231 2333 ut
253 2273 367 2334 eaeterie
388 2272 536 2349 Barbarie,
563 2271 644 2329 rudis
666 2278 695 2328 et
715 2270 880 2330 inconditus
902 2289 1003 2330 aeneus
1024 2280 1076 2332 eat
1117 2273 1208 2345 'Qui-

197 2369 265 2428 dam
299 2385 398 2426 eorum
430 2367 600 2445 sapientium
633 2385 734 2442 uapere
765 2365 910 2440 dicuutur,
943 2374 1209 2448 quantamcumque

196 2483 268 2544 geue
281 2461 358 2538 eapit
371 2480 483 2539 eemper
496 2469 615 2520 armata
658 2461 762 2540 Sioque
776 2461 890 2520 loeutus
911 2481 974 2520 esee
988 2460 1066 2539 apud
1082 2462 1208 2542 Regem,

197 2557 342 2618 memoriae
364 2557 511 2635 proditum
534 2564 586 2616 eet
639 2555 828 2616 'Abhorrent
848 2556 971 2615 forsitan
994 2557 1124 2617 moribus
1145 2579 1208 2618 noe-

197 2655 251 2714 trie
274 2661 305 2713 et
324 2660 453 2730 tempora
476 2660 507 2712 et
530 2652 645 2732 ingenia
660 2652 783 2711 uultiora
796 2653 805 2680 ⁹
816 2653 945 2728 sortitie;
968 2652 1019 2712 aed
1034 2653 1051 2680 ¹⁰
1062 2659 1097 2710 ut
1111 2656 1209 2731 possit

196 2749 289 2810 oratio
316 2769 414 2809 eorum
440 2748 545 2824 aperui,
572 2756 668 2806 tamen
700 2747 772 2806 fides
803 2753 972 2806 nostranou
1000 2748 1106 2807 debet:
1142 2769 1208 2828 quae

196 2854 351 2924 utoumque
365 2843 564 2916 traditarum,
579 2841 745 2918 incorrupta
767 2843 951 2918 perferemus.
1004 2842 1103 2920 Igitur
1117 2863 1208 2902 uuum

196 2961 234 3000 ex
247 2941 293 3000 hie
306 2939 463 2998 maximum
475 2943 546 2994 natu
559 2935 601 2994 ita
611 2935 741 2994 locutum
754 2936 922 3012 aooepimus.

257 3039 302 3094 33.
325 3034 387 3095 “Si
401 3032 452 3090 Dii
471 3030 602 3090 habitum
616 3031 744 3107 eorporis
770 3031 813 3089 tui
838 3031 974 3090 aviditati
995 3030 1083 3090 animi
1105 3053 1206 3110 parem

196 3128 442 3198 eeaeuoluieeeut‚
456 3124 536 3184 orbis
560 3131 590 3182 te
613 3141 671 3182 non
695 3135 818 3202 caperet.
862 3124 968 3184 Altera
992 3145 1078 3184 mauu
1104 3125 1207 3187 Orien·
1284 3117 1285 3128 ¹

197 3231 263 3295 tem,
277 3222 373 3293 alteru
386 3218 575 3280 Ooeideutem
595 3219 782 3296 contingeres.
826 3217 868 3276 Et
882 3218 936 3277 hoo
958 3226 1118 3294 essecutus,
1133 3221 1207 3278 seire

195 3317 286 3379 velles
311 3318 329 3346 ¹¹
339 3315 391 3375 ubi
413 3313 489 3372 tanti
511 3313 638 3371 numinis
665 3313 762 3392 firlgor
789 3312 968 3374 conderetur.
1020 3313 1069 3375 sio
1090 3334 1207 3394 quoque

196 3412 383 3490 eoueupieeie,
407 3429 472 3488 quae
492 3428 551 3466 nou
575 3408 663 3486 eapie.
705 3407 755 3467 Ab
781 3408 900 3486 Europa
924 3409 999 3485 petie
1023 3408 1148 3468 Asiam:
1171 3429 1207 3470 ex

196 3509 273 3569 Auia
286 3507 392 3566 traueie
412 3506 443 3564 in
466 3503 622 3581 Europam.
664 3502 786 3579 Deinde,
800 3503 825 3562 ei
846 3502 1001 3562 humanum
1015 3522 1108 3582 genua
1123 3523 1207 3563 omne

196 3604 383 3682 superaveris,
407 3621 474 3660 eum
498 3599 588 3677 sylvia
611 3605 642 3656 et
669 3598 792 3673 nivibus,
821 3605 851 3658 et
876 3598 1051 3671 fluminibus,
1078 3598 1206 3678 ferisque
1284 3633 1285 3680 χ

195 3701 297 3762 bestiis
316 3707 497 3780 gesturueea
510 3695 627 3756 bellum
671 3692 775 3764 Quid?
795 3701 830 3752 tu
849 3694 974 3772 ignores,
989 3693 1106 3754 arborea
1130 3715 1206 3774 mug-

194 3814 246 3853 nus
273 3795 325 3852 diu
351 3811 487 3863 erescere,
515 3794 574 3848 und
601 3789 673 3846 hort
701 3789 867 3866 extirpari?
921 3789 1038 3848 Stultus
1065 3797 1120 3864 est,
1155 3790 1208 3870 qui

194 3889 306 3947 fruetus
328 3907 424 3946 eurum
449 3891 569 3962 speotat,
594 3881 779 3942 altitudinem
805 3901 862 3942 nou
889 3883 1017 3942 metitur.
1069 3882 1150 3943 Vide
1171 3905 1208 3944 ne
