2592 4400
423 410 547 452 arara
568 410 602 451 v.
632 411 717 453 oar.
746 412 779 451 v.
1068 396 1107 455 9³

18 548 280 637 ffi‘gredieudum
303 556 381 626 erat3
400 550 461 627 jam
482 568 540 608 non
561 548 698 625 hostium,
713 550 764 611 sed
785 550 911 611 locorum
934 550 1033 609 fraude
1047 569 1107 611 sus·

75 649 186 723 pecta.
230 645 404 705 Procedenti
425 645 453 704 ei
475 644 582 705 litterae
602 646 763 705 redduntur
785 665 803 703 a
827 646 966 725 Tyridate
987 646 1106 707 custode

76 740 181 819 regiae
208 741 352 818 pecuniae3
375 739 551 799 ’indicantes
573 759 630 814 eos,
654 741 704 818 qui
727 741 758 799 iu
781 741 854 801 urbe
876 749 981 816 essent,
1006 742 1105 801 audito

76 838 150 920 ejus
179 836 316 916 adventu,
340 835 466 912 diripere
485 835 559 894 velle
583 835 751 911 thesauros,
780 844 947 915 properaret
970 838 1105 914 occupare

76 924 246 989 dlmilssos:
281 930 469 1007 ⁸cupeditum
495 930 551 990 iter
578 949 650 1005 esse,
677 948 838 1010 quanquam
865 931 978 990 Araxes
1012 934 1104 992 amuis

17 1022 246 1085 revincerfluae
288 1025 406 1084 Nullam
426 1025 564 1083 virtutem
585 1009 679 1103 Regis
699 1025 786 1083 istius
807 1024 907 1104 magis,
928 1027 1014 1104 qudm
1034 1028 1104 1085 cele·

76 1120 209 1179 ritatem
234 1120 431 1180 laudaverim:
460 1120 570 1179 relictis
600 1120 678 1179 enim
704 1120 884 1197 pedestribus
911 1121 1010 1199 copiis,
1040 1128 1103 1181 tota

76 1222 173 1274 nocte
188 1236 254 1274 cum
267 1216 413 1294 equitibus
426 1216 540 1275 itineris
560 1222 643 1273 tauto
657 1216 752 1293 spatio
771 1216 910 1295 fatigatis,
924 1217 961 1275 ad
975 1218 1103 1277 Araxcm

77 1304 185 1388 pr'imd
199 1312 263 1370 luce
277 1311 414 1388 pervenit.
456 1311 525 1371 Vici
545 1318 628 1369 erant
647 1312 679 1369 in
698 1311 874 1390 propinquo:
894 1312 998 1390 quibus
1011 1312 1102 1389 dircp·

76 1406 125 1464 tis'
144 1426 183 1464 ac
202 1406 316 1481 dirutis,
330 1414 447 1484 pontem
461 1427 497 1464 ex
509 1407 631 1466 materia
644 1427 742 1466 corum
756 1408 880 1467 subditis
894 1408 972 1468 saxis
987 1409 1101 1467 strenue

16 1490 213 1565 ttqnduxit.
256 1502 382 1581 Jamque
407 1501 484 1559 haud
509 1502 609 1578 procul
631 1503 704 1563 urbe
731 1510 820 1578 erant,
847 1506 914 1561 crim
941 1502 1102 1563 miserabile

77 1616 201 1676 agmen,
229 1597 323 1655 ‘iuter
349 1616 439 1673 pauca
466 1598 590 1657 iortunae
616 1598 748 1675 exempla
774 1598 997 1672 memorandum,
1025 1598 1101 1677 Regi

80 1692 224 1751 occurrit.
268 1691 385 1769 (laptivi
408 1698 491 1751 erant
510 1691 605 1752 Graeci
627 1692 665 1750 ad
687 1701 809 1770 quatuor
828 1693 921 1751 millia
939 1694 1010 1768 fere,
1030 1714 1102 1772 quos

79 1787 192 1868 Persae
213 1786 293 1846 vario
317 1787 522 1864 suppliciorum
541 1787 627 1845 modo
651 1788 810 1846 affecerant.
861 1787 945 1847 Alios
971 1788 1100 1863 pedibus,

28 1954 37 1971 Ἰ
79 1883 228 1959 quosdam
249 1882 382 1941 manibus
402 1881 576 1960 auribusque
597 1882 761 1959 amputatis,
784 1882 943 1959 inustisque
969 1882 1100 1941 barbara-

16 1975 150 2055 fflrum
164 1977 330 2035 litterarum
342 1977 428 2051 notis,
442 1976 474 2033 in
490 1976 609 2055 longum
630 1978 675 2035 sui
695 1975 852 2037 ludibrium
865 1986 1098 2053 reservaverant3

81 2078 113 2129 et
136 2074 207 2130 erim
233 2090 265 2130 se
285 2091 398 2150 quoque
419 2071 522 2131 alienae
548 2071 671 2130 ditionis
698 2088 760 2129 esse
788 2076 943 2145 comerent,
970 2071 1100 2131 volentes

80 2167 149 2247 regi
174 2185 323 2227 occurrere
344 2186 402 2225 non
424 2165 639 2244 prohibuerant.
690 2165 834 2226 Inusitata
861 2165 1022 2241 simulacra,
1043 2187 1098 2228 nou

34 2252 40 2268 “
80 2261 216 2336 homines
229 2261 407 2336 videbantur,
421 2280 474 2319 nee
493 2261 649 2340 quidquam
661 2261 694 2319 in
715 2261 773 2320 illis
792 2268 897 2338 praeter
910 2281 1007 2322 vocem
1021 2271 1099 2339 pote-

81 2365 132 2415 rat
154 2356 279 2436 agnosci
320 2356 425 2415 Plures
445 2356 538 2435 igitur
558 2357 699 2435 lacrymas
723 2361 908 2432 commovere,
929 2361 1016 2436 quim
1035 2378 1098 2435 pro·

15 2431 220 2544 'diffuderant
242 2452 316 2529 ipsi:
337 2452 442 2530 quippi
457 2453 487 2510 iu
507 2459 566 2510 tam
586 2451 741 2529 multiplici
754 2452 891 2531 varitque
911 2453 1027 2511 fortuni
1041 2453 1097 2512 sin·

81 2547 228 2624 gulorum,
251 2547 449 2608 ‘intuentibus
475 2547 601 2606 “similes
623 2548 749 2625 quidem,
771 2548 823 2606 sed
846 2555 942 2606 tamen
970 2548 1098 2624 dispares

82 2661 194 2716 poenas,
217 2642 281 2719 quis
304 2640 429 2698 maxime
452 2641 626 2701 miserabilis
648 2650 735 2716 esset,
755 2642 866 2721 liquere
892 2661 948 2699 uon
973 2649 1095 2718 poterat.

83 2736 128 2795 Ut
143 2737 213 2795 verd
228 2737 333 2795 Jovem
353 2735 397 2793 illi
420 2736 535 2795 tandem
548 2736 670 2796 Graeciae
689 2737 813 2795 ultorem
834 2735 981 2813 aperuisse
1001 2737 1097 2794 oculos

83 2816 309 2904 conclamavere,
332 2831 449 2888 'omnes
470 2830 533 2907 pari
558 2831 697 2908 supplicio
723 2830 817 2888 affecti
837 2828 894 2889 sibi
915 2828 1094 2890 videbantur.

21 2909 162 3005 Ἥξει,
177 2924 327 2999 abstersis,
341 2944 412 3002 quas
433 2925 601 3002 profuderat
620 2926 764 3003 lacrymis,
783 2925 890 2984 bonum
911 2924 1017 2983 habere
1037 2925 1096 2982 ani·

81 3038 163 3078 mum
183 3019 283 3095 jubet,
305 3019 417 3079 risuros
437 3020 525 3079 urbes
545 3039 619 3095 suaa,
633 3022 841 3100 conjugesque:
863 3027 893 3078 et
911 3028 1007 3078 eastra
1026 3020 1094 3079 iude

83 3113 144 3173 duo
158 3114 195 3173 ab
208 3115 278 3174 urbe
292 3113 385 3172 stadia
398 3115 559 3173 communit.

150 3213 193 3268 18.
215 3207 310 3268 Graeci
324 3218 504 3268 excesserant
518 3210 603 3284 vallo,
614 3209 813 3285 deliberaturi,
827 3210 898 3289 quid
911 3211 1094 3289 potissimrlm

84 3325 100 3362 a
125 3286 216 3382 ch!
231 3309 370 3381 peterent.
413 3303 541 3382 (irimque
561 3305 627 3363 aliis
652 3305 732 3364 sedes
754 3306 783 3363 in
805 3307 880 3366 Aac
901 3327 1013 3386 rogare,
1028 3307 1094 3366 aliis

20 3389 192 3474 ttsreverei
214 3399 312 3457 domos
334 3399 474 3475 placeret,
507 3399 675 3478 Euthymon
699 3399 832 3477 (lymaeus
854 3402 899 3458 ita
923 3401 1035 3460 locutus
1056 3400 1094 3456 ad

85 3479 135 3554 eds
156 3495 270 3552 fertur:
291 3493 329 3527 ⁸“
340 3492 402 3552 Nos
415 3494 465 3571 qui
485 3495 570 3553 modd
592 3494 629 3553 ad
642 3513 725 3572 opem
746 3495 900 3572 petendam
914 3515 950 3553 cx
969 3493 1094 3552 tenebris

84 3599 113 3647 et
126 3607 238 3647 carcere
262 3587 413 3665 procedere
432 3574 607 3664 erubuimus,
620 3596 654 3647 ut
674 3609 748 3646 nuno
768 3597 822 3664 est,
837 3589 976 3666 supplicia
995 3594 1094 3645 nostra

86 3687 217 3763 (quorum
230 3703 282 3741 nos
303 3683 410 3760 pudeat
430 3667 583 3762 magiq‘an
604 3685 751 3761 paeniteat,
766 3685 905 3742 incertum
925 3685 980 3760 cst)
1002 3689 1093 3741 osteu-

85 3789 146 3838 tare
159 3778 281 3839 Graeciae
294 3778 373 3838 velut
393 3777 491 3841 laetum
497 3772 511 3803 ²
511 3778 703 3854 spectaculum
717 3778 853 3854 cupimus.
894 3777 938 3836 At
952 3776 973 3833 ii
987 3777 1093 3854 optime

16 3851 216 3950 lssmiterias
229 3874 336 3946 icrunt,
349 3873 399 3951 qui
413 3873 607 3933 abscondunt:
627 3891 681 3930 uec
701 3872 762 3929 ulla
782 3877 827 3930 est
849 3877 909 3930 tam
924 3871 1095 3930 'familiaris
