<?xml version="1.0" encoding="UTF-8"?>
<!DOCTYPE html PUBLIC "-//W3C//DTD XHTML 1.0 Transitional//EN"
    "http://www.w3.org/TR/xhtml1/DTD/xhtml1-transitional.dtd">
<html xmlns="http://www.w3.org/1999/xhtml" xml:lang="en" lang="en">
 <head>
  <title>
</title>
<meta http-equiv="Content-Type" content="text/html;charset=utf-8" />
  <meta name='ocr-system' content='tesseract 3.04.00' />
  <meta name='ocr-capabilities' content='ocr_page ocr_carea ocr_par ocr_line ocrx_word'/>
</head>
<body>
  <div class='ocr_page' id='page_1' title='image "./quintuscurtiusr00crosgoog_0261.png"; bbox 0 0 2592 4400; ppageno 0'>
   <div class='ocr_carea' id='block_1_1' title="bbox 176 380 834 447">
    <p class='ocr_par' dir='ltr' id='par_1_1' title="bbox 176 380 834 447">
     <span class='ocr_line' id='line_1_1' title="bbox 176 380 834 447; baseline -0.008 -7"><span class='ocrx_word' id='word_1_1' title='bbox 176 380 236 441; x_wconf 75' lang='lat'><strong>248</strong></span> <span class='ocrx_word' id='word_1_2' title='bbox 526 394 666 447; x_wconf 83' lang='lat' dir='ltr'><strong>oursrr</strong></span> <span class='ocrx_word' id='word_1_3' title='bbox 693 394 834 438; x_wconf 80' lang='lat' dir='ltr'><strong>cnarrr</strong></span> 
     </span>
    </p>
   </div>
   <div class='ocr_carea' id='block_1_2' title="bbox 143 533 1278 3796">
    <p class='ocr_par' dir='ltr' id='par_1_2' title="bbox 143 533 1278 3796">
     <span class='ocr_line' id='line_1_2' title="bbox 175 533 1204 613; baseline 0.003 -17"><span class='ocrx_word' id='word_1_4' title='bbox 175 556 247 611; x_wconf 85' lang='lat' dir='ltr'><strong>ram,</strong></span> <span class='ocrx_word' id='word_1_5' title='bbox 261 534 313 595; x_wconf 87' lang='lat' dir='ltr'><strong>sed</strong></span> <span class='ocrx_word' id='word_1_6' title='bbox 326 554 363 595; x_wconf 84' lang='lat' dir='ltr'><strong>cx</strong></span> <span class='ocrx_word' id='word_1_7' title='bbox 377 533 468 595; x_wconf 86' lang='lat' dir='ltr'><strong>Dario</strong></span> <span class='ocrx_word' id='word_1_8' title='bbox 482 534 526 593; x_wconf 76' lang='lat' dir='ltr'><strong>ita</strong></span> <span class='ocrx_word' id='word_1_9' title='bbox 539 534 646 613; x_wconf 88' lang='lat' dir='ltr'><strong>accepi,</strong></span> <span class='ocrx_word' id='word_1_10' title='bbox 660 534 718 595; x_wconf 85' lang='lat' dir='ltr'><strong>tria</strong></span> <span class='ocrx_word' id='word_1_11' title='bbox 730 534 823 595; x_wconf 87' lang='lat' dir='ltr'><strong>millia</strong></span> <span class='ocrx_word' id='word_1_12' title='bbox 840 535 984 597; x_wconf 79' lang='lat' dir='ltr'><strong>talentum</strong></span> <span class='ocrx_word' id='word_1_13' title='bbox 999 536 1117 598; x_wconf 89' lang='lat' dir='ltr'><strong>condita</strong></span> <span class='ocrx_word' id='word_1_14' title='bbox 1130 560 1204 599; x_wconf 86' lang='lat' dir='ltr'><strong>essa</strong></span> 
     </span>
     <span class='ocr_line' id='line_1_3' title="bbox 174 629 1203 714; baseline 0.002 -23"><span class='ocrx_word' id='word_1_15' title='bbox 174 651 240 691; x_wconf 90' lang='lat' dir='ltr'><strong>oum</strong></span> <span class='ocrx_word' id='word_1_16' title='bbox 270 629 356 709; x_wconf 72' lang='lat' dir='ltr'><strong>(tyro.</strong></span> <span class='ocrx_word' id='word_1_17' title='bbox 411 630 490 689; x_wconf 90' lang='lat' dir='ltr'><strong>Hinc</strong></span> <span class='ocrx_word' id='word_1_18' title='bbox 517 630 571 689; x_wconf 87' lang='lat' dir='ltr'><strong>illa</strong></span> <span class='ocrx_word' id='word_1_19' title='bbox 592 630 755 709; x_wconf 81' lang='lat' dir='ltr'><strong>benignitas</strong></span> <span class='ocrx_word' id='word_1_20' title='bbox 780 632 811 689; x_wconf 91' lang='lat' dir='ltr'><strong>iu</strong></span> <span class='ocrx_word' id='word_1_21' title='bbox 835 637 874 707; x_wconf 85' lang='lat' dir='ltr'><strong>te,</strong></span> <span class='ocrx_word' id='word_1_22' title='bbox 899 640 942 706; x_wconf 91' lang='lat' dir='ltr'><strong>ut,</strong></span> <span class='ocrx_word' id='word_1_23' title='bbox 970 635 1049 712; x_wconf 87' lang='lat' dir='ltr'><strong>quod</strong></span> <span class='ocrx_word' id='word_1_24' title='bbox 1073 635 1203 714; x_wconf 74' lang='lat' dir='ltr'><strong>impune</strong></span> 
     </span>
     <span class='ocr_line' id='line_1_4' title="bbox 175 724 1276 807; baseline 0.002 -21"><span class='ocrx_word' id='word_1_25' title='bbox 175 726 284 786; x_wconf 87' lang='lat' dir='ltr'><strong>habers</strong></span> <span class='ocrx_word' id='word_1_26' title='bbox 304 746 362 786; x_wconf 95' lang='lat' dir='ltr'><strong>non</strong></span> <span class='ocrx_word' id='word_1_27' title='bbox 386 732 502 805; x_wconf 86' lang='lat' dir='ltr'><strong>poterat</strong></span> <span class='ocrx_word' id='word_1_28' title='bbox 517 724 649 801; x_wconf 90' lang='lat' dir='ltr'><strong>Orsines,</strong></span> <span class='ocrx_word' id='word_1_29' title='bbox 665 726 797 785; x_wconf 88' lang='lat' dir='ltr'><strong>donando</strong></span> <span class='ocrx_word' id='word_1_30' title='bbox 821 726 909 785; x_wconf 90' lang='lat' dir='ltr'><strong>etiam</strong></span> <span class='ocrx_word' id='word_1_31' title='bbox 931 729 1057 807; x_wconf 85' lang='lat' dir='ltr'><strong>gratiam</strong></span> <span class='ocrx_word' id='word_1_32' title='bbox 1076 730 1201 791; x_wconf 85' lang='lat' dir='ltr'><strong>iniret.&#39;’</strong></span> <span class='ocrx_word' id='word_1_33' title='bbox 1275 748 1276 753; x_wconf 50' lang='lat'>¹</span> 
     </span>
     <span class='ocr_line' id='line_1_5' title="bbox 175 820 1200 903; baseline 0.003 -21"><span class='ocrx_word' id='word_1_34' title='bbox 175 820 377 882; x_wconf 72' lang='lat' dir='ltr'><strong>Concitaverat</strong></span> <span class='ocrx_word' id='word_1_35' title='bbox 394 824 456 900; x_wconf 80' lang='lat' dir='ltr'><strong>jam</strong></span> <span class='ocrx_word' id='word_1_36' title='bbox 475 820 604 881; x_wconf 88' lang='lat' dir='ltr'><strong>animum</strong></span> <span class='ocrx_word' id='word_1_37' title='bbox 626 820 657 879; x_wconf 93' lang='lat' dir='ltr'><strong>in</strong></span> <span class='ocrx_word' id='word_1_38' title='bbox 679 820 760 896; x_wconf 73' lang='lat' dir='ltr'><strong>ham,</strong></span> <span class='ocrx_word' id='word_1_39' title='bbox 775 824 839 881; x_wconf 83' lang='lat' dir='ltr'><strong>cdm</strong></span> <span class='ocrx_word' id='word_1_40' title='bbox 861 822 901 897; x_wconf 92' lang='lat' dir='ltr'><strong>hi,</strong></span> <span class='ocrx_word' id='word_1_41' title='bbox 915 824 1021 902; x_wconf 90' lang='lat' dir='ltr'><strong>quibus</strong></span> <span class='ocrx_word' id='word_1_42' title='bbox 1042 828 1200 903; x_wconf 80' lang='lat' dir='ltr'>negotium</span> 
     </span>
     <span class='ocr_line' id='line_1_6' title="bbox 173 916 1278 996; baseline 0.005 -19"><span class='ocrx_word' id='word_1_43' title='bbox 173 918 254 977; x_wconf 89' lang='lat' dir='ltr'><strong>idom</strong></span> <span class='ocrx_word' id='word_1_44' title='bbox 266 918 399 993; x_wconf 89' lang='lat' dir='ltr'><strong>dederat,</strong></span> <span class='ocrx_word' id='word_1_45' title='bbox 415 918 631 995; x_wconf 83' lang='lat' dir='ltr'><strong>superveniunt.</strong></span> <span class='ocrx_word' id='word_1_46' title='bbox 675 916 754 976; x_wconf 90' lang='lat' dir='ltr'><strong>Hinc</strong></span> <span class='ocrx_word' id='word_1_47' title='bbox 769 916 894 996; x_wconf 82' lang='lat' dir='ltr'><strong>Bagoas,</strong></span> <span class='ocrx_word' id='word_1_48' title='bbox 909 918 977 977; x_wconf 89' lang='lat' dir='ltr'><strong>hinc</strong></span> <span class='ocrx_word' id='word_1_49' title='bbox 991 920 1029 978; x_wconf 92' lang='lat' dir='ltr'><strong>ab</strong></span> <span class='ocrx_word' id='word_1_50' title='bbox 1043 940 1076 979; x_wconf 93' lang='lat' dir='ltr'><strong>eo</strong></span> <span class='ocrx_word' id='word_1_51' title='bbox 1091 922 1200 982; x_wconf 89' lang='lat' dir='ltr'><strong>subor·</strong></span> <span class='ocrx_word' id='word_1_52' title='bbox 1277 954 1278 981; x_wconf 81' lang='lat' dir='ltr'><strong>l</strong></span> 
     </span>
     <span class='ocr_line' id='line_1_7' title="bbox 173 1012 1278 1093; baseline 0.005 -22"><span class='ocrx_word' id='word_1_53' title='bbox 173 1014 244 1088; x_wconf 66' lang='lat' dir='ltr'><strong>nati</strong></span> <span class='ocrx_word' id='word_1_54' title='bbox 268 1013 351 1072; x_wconf 80' lang='lat' dir='ltr'><strong>falsis</strong></span> <span class='ocrx_word' id='word_1_55' title='bbox 372 1012 542 1071; x_wconf 73' lang='lat' dir='ltr'><strong>criminibus</strong></span> <span class='ocrx_word' id='word_1_56' title='bbox 565 1017 707 1089; x_wconf 90' lang='lat' dir='ltr'><strong>occupant</strong></span> <span class='ocrx_word' id='word_1_57' title='bbox 729 1031 821 1072; x_wconf 90' lang='lat' dir='ltr'><strong>aures.</strong></span> <span class='ocrx_word' id='word_1_58' title='bbox 872 1013 1040 1093; x_wconf 79' lang='lat' dir='ltr'><strong>Antequam</strong></span> <span class='ocrx_word' id='word_1_59' title='bbox 1062 1018 1200 1076; x_wconf 87' lang='lat' dir='ltr'><strong>accusari</strong></span> <span class='ocrx_word' id='word_1_60' title='bbox 1277 1040 1278 1043; x_wconf 43' lang='lat'>¹</span> 
     </span>
     <span class='ocr_line' id='line_1_8' title="bbox 173 1105 1278 1187; baseline 0 -20"><span class='ocrx_word' id='word_1_61' title='bbox 173 1128 204 1167; x_wconf 88' lang='lat' dir='ltr'><strong>aa</strong></span> <span class='ocrx_word' id='word_1_62' title='bbox 222 1107 419 1187; x_wconf 89' lang='lat' dir='ltr'><strong>suspicaretur</strong></span> <span class='ocrx_word' id='word_1_63' title='bbox 434 1106 566 1183; x_wconf 90' lang='lat' dir='ltr'><strong>Orsines,</strong></span> <span class='ocrx_word' id='word_1_64' title='bbox 578 1105 609 1164; x_wconf 93' lang='lat' dir='ltr'><strong>in</strong></span> <span class='ocrx_word' id='word_1_65' title='bbox 623 1105 740 1166; x_wconf 87' lang='lat' dir='ltr'><strong>vincula</strong></span> <span class='ocrx_word' id='word_1_66' title='bbox 753 1107 881 1166; x_wconf 89' lang='lat' dir='ltr'><strong>traditus</strong></span> <span class='ocrx_word' id='word_1_67' title='bbox 895 1115 947 1166; x_wconf 89' lang='lat' dir='ltr'><strong>est.</strong></span> <span class='ocrx_word' id='word_1_68' title='bbox 991 1109 1021 1167; x_wconf 94' lang='lat' dir='ltr'>N</span> <span class='ocrx_word' id='word_1_69' title='bbox 1023 1130 1060 1168; x_wconf 95' lang='lat' dir='ltr'><strong>on</strong></span> <span class='ocrx_word' id='word_1_70' title='bbox 1077 1120 1198 1171; x_wconf 89' lang='lat' dir='ltr'><strong>conten·</strong></span> <span class='ocrx_word' id='word_1_71' title='bbox 1277 1162 1278 1167; x_wconf 73' lang='grc'>,</span> 
     </span>
     <span class='ocr_line' id='line_1_9' title="bbox 172 1200 1198 1285; baseline 0.005 -24"><span class='ocrx_word' id='word_1_72' title='bbox 172 1209 221 1262; x_wconf 90' lang='lat' dir='ltr'><strong>tus</strong></span> <span class='ocrx_word' id='word_1_73' title='bbox 248 1204 391 1282; x_wconf 90' lang='lat' dir='ltr'><strong>supplicio</strong></span> <span class='ocrx_word' id='word_1_74' title='bbox 419 1202 544 1261; x_wconf 88' lang='lat' dir='ltr'><strong>insontis</strong></span> <span class='ocrx_word' id='word_1_75' title='bbox 565 1200 656 1279; x_wconf 88' lang='lat' dir='ltr'><strong>spado</strong></span> <span class='ocrx_word' id='word_1_76' title='bbox 679 1202 741 1279; x_wconf 92' lang='lat' dir='ltr'><strong>ipse</strong></span> <span class='ocrx_word' id='word_1_77' title='bbox 764 1202 906 1262; x_wconf 87' lang='lat' dir='ltr'><strong>morituro</strong></span> <span class='ocrx_word' id='word_1_78' title='bbox 934 1224 1052 1264; x_wconf 90' lang='lat' dir='ltr'><strong>manum</strong></span> <span class='ocrx_word' id='word_1_79' title='bbox 1080 1208 1198 1285; x_wconf 87' lang='lat' dir='ltr'><strong>injecit.</strong></span> 
     </span>
     <span class='ocr_line' id='line_1_10' title="bbox 173 1292 1278 1379; baseline 0.005 -22"><span class='ocrx_word' id='word_1_80' title='bbox 173 1297 268 1369; x_wconf 85' lang='lat' dir='ltr'><strong>Quem</strong></span> <span class='ocrx_word' id='word_1_81' title='bbox 291 1298 413 1360; x_wconf 89' lang='lat' dir='ltr'><strong>Orsines</strong></span> <span class='ocrx_word' id='word_1_82' title='bbox 434 1298 559 1372; x_wconf 83' lang='lat' dir='ltr'><strong>intuens,</strong></span> <span class='ocrx_word' id='word_1_83' title='bbox 583 1296 801 1367; x_wconf 72' lang='lat' dir='ltr'><strong>“Audieram’&#39;</strong></span> <span class='ocrx_word' id='word_1_84' title='bbox 822 1298 926 1377; x_wconf 88' lang='lat' dir='ltr'><strong>inquit,</strong></span> <span class='ocrx_word' id='word_1_85' title='bbox 949 1300 1009 1357; x_wconf 88' lang='lat' dir='ltr'><strong>“in</strong></span> <span class='ocrx_word' id='word_1_86' title='bbox 1032 1302 1106 1360; x_wconf 72' lang='lat' dir='ltr'><strong>Asici</strong></span> <span class='ocrx_word' id='word_1_87' title='bbox 1123 1304 1198 1362; x_wconf 91' lang='lat' dir='ltr'><strong>olim</strong></span> <span class='ocrx_word' id='word_1_88' title='bbox 1277 1292 1278 1379; x_wconf 48' lang='grc' dir='ltr'>ζ</span> 
     </span>
     <span class='ocr_line' id='line_1_11' title="bbox 171 1391 1198 1471; baseline 0.004 -20"><span class='ocrx_word' id='word_1_89' title='bbox 171 1396 308 1471; x_wconf 72' lang='lat' dir='ltr'><strong>regnasse</strong></span> <span class='ocrx_word' id='word_1_90' title='bbox 329 1391 477 1450; x_wconf 86' lang='lat' dir='ltr'><strong>foeminas:</strong></span> <span class='ocrx_word' id='word_1_91' title='bbox 499 1391 554 1451; x_wconf 89' lang='lat' dir='ltr'><strong>hoc</strong></span> <span class='ocrx_word' id='word_1_92' title='bbox 577 1392 648 1451; x_wconf 86' lang='lat' dir='ltr'><strong>verd</strong></span> <span class='ocrx_word' id='word_1_93' title='bbox 668 1410 775 1451; x_wconf 88' lang='lat' dir='ltr'><strong>novum</strong></span> <span class='ocrx_word' id='word_1_94' title='bbox 792 1399 846 1467; x_wconf 89' lang='lat' dir='ltr'><strong>est,</strong></span> <span class='ocrx_word' id='word_1_95' title='bbox 861 1413 982 1471; x_wconf 86' lang='lat' dir='ltr'><strong>regnare</strong></span> <span class='ocrx_word' id='word_1_96' title='bbox 1001 1400 1198 1457; x_wconf 82' lang='lat' dir='ltr'><strong>castratum.”</strong></span> 
     </span>
     <span class='ocr_line' id='line_1_12' title="bbox 174 1486 1278 1577; baseline 0.007 -32"><span class='ocrx_word' id='word_1_97' title='bbox 174 1486 232 1545; x_wconf 90' lang='lat' dir='ltr'><strong>Hic</strong></span> <span class='ocrx_word' id='word_1_98' title='bbox 246 1487 304 1546; x_wconf 81' lang='lat' dir='ltr'><strong>fuit</strong></span> <span class='ocrx_word' id='word_1_99' title='bbox 316 1487 413 1546; x_wconf 84' lang='lat' dir='ltr'><strong>exit-ua</strong></span> <span class='ocrx_word' id='word_1_100' title='bbox 435 1486 610 1546; x_wconf 75' lang='lat' dir='ltr'><strong>nobilissimi</strong></span> <span class='ocrx_word' id='word_1_101' title='bbox 632 1486 797 1565; x_wconf 85' lang='lat' dir='ltr'><strong>Persarum,</strong></span> <span class='ocrx_word' id='word_1_102' title='bbox 809 1507 863 1547; x_wconf 88' lang='lat' dir='ltr'><strong>nec</strong></span> <span class='ocrx_word' id='word_1_103' title='bbox 885 1488 1008 1549; x_wconf 89' lang='lat' dir='ltr'><strong>insontis</strong></span> <span class='ocrx_word' id='word_1_104' title='bbox 1028 1492 1124 1567; x_wconf 82' lang='lat' dir='ltr'><strong>modb,</strong></span> <span class='ocrx_word' id='word_1_105' title='bbox 1141 1494 1200 1553; x_wconf 86' lang='lat' dir='ltr'><strong>sed</strong></span> <span class='ocrx_word' id='word_1_106' title='bbox 1277 1536 1278 1577; x_wconf 59' lang='lat'><strong>,</strong></span> 
     </span>
     <span class='ocr_line' id='line_1_13' title="bbox 171 1582 1278 1661; baseline -0.001 -18"><span class='ocrx_word' id='word_1_107' title='bbox 171 1582 286 1643; x_wconf 85' lang='lat' dir='ltr'><strong>eximiae</strong></span> <span class='ocrx_word' id='word_1_108' title='bbox 299 1583 412 1661; x_wconf 79' lang='lat' dir='ltr'><strong>quoque</strong></span> <span class='ocrx_word' id='word_1_109' title='bbox 426 1582 616 1661; x_wconf 74' lang='lat' dir='ltr'><strong>benignitatis</strong></span> <span class='ocrx_word' id='word_1_110' title='bbox 629 1582 660 1640; x_wconf 93' lang='lat' dir='ltr'><strong>in</strong></span> <span class='ocrx_word' id='word_1_111' title='bbox 675 1582 796 1661; x_wconf 81' lang='lat' dir='ltr'><strong>Regem</strong></span> <span class='ocrx_word' id='word_1_112' title='bbox 1277 1582 1278 1585; x_wconf 65' lang='grc'>’</span> 
     </span>
     <span class='ocr_line' id='line_1_14' title="bbox 233 1672 1278 1762; baseline 0.007 -25"><span class='ocrx_word' id='word_1_113' title='bbox 233 1683 260 1737; x_wconf 86' lang='grc'><strong>5.</strong></span> <span class='ocrx_word' id='word_1_114' title='bbox 285 1677 398 1737; x_wconf 81' lang='lat' dir='ltr'><strong>Eodem</strong></span> <span class='ocrx_word' id='word_1_115' title='bbox 424 1684 553 1755; x_wconf 84' lang='lat' dir='ltr'><strong>tempore</strong></span> <span class='ocrx_word' id='word_1_116' title='bbox 579 1676 743 1737; x_wconf 78' lang='lat' dir='ltr'><strong>Phradates</strong></span> <span class='ocrx_word' id='word_1_117' title='bbox 763 1698 885 1757; x_wconf 86' lang='lat' dir='ltr'><strong>regnum</strong></span> <span class='ocrx_word' id='word_1_118' title='bbox 900 1680 1051 1740; x_wconf 74' lang='lat' dir='ltr'><strong>affectasse</strong></span> <span class='ocrx_word' id='word_1_119' title='bbox 1076 1702 1198 1762; x_wconf 87' lang='lat' dir='ltr'><strong>suspcc·</strong></span> <span class='ocrx_word' id='word_1_120' title='bbox 1277 1672 1278 1699; x_wconf 57' lang='lat'>¹</span> 
     </span>
     <span class='ocr_line' id='line_1_15' title="bbox 172 1750 1278 1853; baseline 0.006 -20"><span class='ocrx_word' id='word_1_121' title='bbox 172 1782 222 1833; x_wconf 87' lang='lat' dir='ltr'><strong>tna</strong></span> <span class='ocrx_word' id='word_1_122' title='bbox 242 1774 393 1833; x_wconf 87' lang='lat' dir='ltr'><strong>occiditur.</strong></span> <span class='ocrx_word' id='word_1_123' title='bbox 437 1775 455 1803; x_wconf 86' lang='lat'><strong>¹⁷</strong></span> <span class='ocrx_word' id='word_1_124' title='bbox 468 1772 605 1850; x_wconf 82' lang='lat' dir='ltr'><strong>Ooeperat</strong></span> <span class='ocrx_word' id='word_1_125' title='bbox 628 1792 692 1831; x_wconf 90' lang='lat' dir='ltr'><strong>essc</strong></span> <span class='ocrx_word' id='word_1_126' title='bbox 716 1793 845 1851; x_wconf 82' lang='lat' dir='ltr'><strong>praeceps</strong></span> <span class='ocrx_word' id='word_1_127' title='bbox 869 1774 935 1834; x_wconf 74' lang='lat' dir='ltr'><strong>¹⁸ad</strong></span> <span class='ocrx_word' id='word_1_128' title='bbox 956 1782 1201 1853; x_wconf 88' lang='lat' dir='ltr'><strong>repraesentanda</strong></span> <span class='ocrx_word' id='word_1_129' title='bbox 1277 1750 1278 1827; x_wconf 59' lang='lat' dir='ltr'><strong>i</strong></span> 
     </span>
     <span class='ocr_line' id='line_1_16' title="bbox 172 1868 1278 1949; baseline 0.007 -20"><span class='ocrx_word' id='word_1_130' title='bbox 172 1869 322 1949; x_wconf 85' lang='lat' dir='ltr'><strong>supplicia,</strong></span> <span class='ocrx_word' id='word_1_131' title='bbox 337 1870 408 1927; x_wconf 90' lang='lat' dir='ltr'><strong>item</strong></span> <span class='ocrx_word' id='word_1_132' title='bbox 422 1869 458 1928; x_wconf 91' lang='lat' dir='ltr'><strong>ad</strong></span> <span class='ocrx_word' id='word_1_133' title='bbox 479 1868 625 1927; x_wconf 87' lang='lat' dir='ltr'><strong>deteriora</strong></span> <span class='ocrx_word' id='word_1_134' title='bbox 645 1868 796 1927; x_wconf 90' lang='lat' dir='ltr'><strong>credenda.</strong></span> <span class='ocrx_word' id='word_1_135' title='bbox 840 1869 960 1930; x_wconf 77' lang='lat' dir='ltr'><strong>Scilicet</strong></span> <span class='ocrx_word' id='word_1_136' title='bbox 979 1892 1027 1931; x_wconf 89' lang='lat' dir='ltr'><strong>res</strong></span> <span class='ocrx_word' id='word_1_137' title='bbox 1054 1876 1199 1938; x_wconf 84' lang='lat' dir='ltr'><strong>secundae</strong></span> <span class='ocrx_word' id='word_1_138' title='bbox 1277 1874 1278 1925; x_wconf 73' lang='grc' dir='ltr'>ἶ</span> 
     </span>
     <span class='ocr_line' id='line_1_17' title="bbox 171 1965 1199 2048; baseline 0.005 -23"><span class='ocrx_word' id='word_1_139' title='bbox 171 1965 272 2025; x_wconf 86' lang='lat' dir='ltr'><strong>valent</strong></span> <span class='ocrx_word' id='word_1_140' title='bbox 295 1971 472 2023; x_wconf 87' lang='lat' dir='ltr'><strong>commutare</strong></span> <span class='ocrx_word' id='word_1_141' title='bbox 496 1970 649 2039; x_wconf 74' lang='lat' dir='ltr'><strong>naturam,</strong></span> <span class='ocrx_word' id='word_1_142' title='bbox 673 1970 704 2023; x_wconf 89' lang='lat' dir='ltr'><strong>et</strong></span> <span class='ocrx_word' id='word_1_143' title='bbox 729 1968 795 2024; x_wconf 79' lang='lat' dir='ltr'><strong>rarb</strong></span> <span class='ocrx_word' id='word_1_144' title='bbox 816 1965 969 2045; x_wconf 88' lang='lat' dir='ltr'><strong>quisquam</strong></span> <span class='ocrx_word' id='word_1_145' title='bbox 991 1968 1011 1995; x_wconf 78' lang='lat'><strong>¹⁹</strong></span> <span class='ocrx_word' id='word_1_146' title='bbox 1022 1988 1092 2048; x_wconf 86' lang='lat' dir='ltr'><strong>erga</strong></span> <span class='ocrx_word' id='word_1_147' title='bbox 1115 1970 1199 2031; x_wconf 89' lang='lat' dir='ltr'><strong>bona</strong></span> 
     </span>
     <span class='ocr_line' id='line_1_18' title="bbox 171 2058 1278 2141; baseline 0.005 -22"><span class='ocrx_word' id='word_1_148' title='bbox 171 2080 225 2120; x_wconf 89' lang='lat' dir='ltr'><strong>sua</strong></span> <span class='ocrx_word' id='word_1_149' title='bbox 251 2060 323 2119; x_wconf 88' lang='lat' dir='ltr'><strong>satis</strong></span> <span class='ocrx_word' id='word_1_150' title='bbox 350 2067 454 2119; x_wconf 89' lang='lat' dir='ltr'><strong>cautus</strong></span> <span class='ocrx_word' id='word_1_151' title='bbox 478 2065 530 2117; x_wconf 89' lang='lat' dir='ltr'><strong>est.</strong></span> <span class='ocrx_word' id='word_1_152' title='bbox 587 2058 674 2117; x_wconf 88' lang='lat' dir='ltr'><strong>Idem</strong></span> <span class='ocrx_word' id='word_1_153' title='bbox 698 2058 773 2117; x_wconf 90' lang='lat' dir='ltr'><strong>enim</strong></span> <span class='ocrx_word' id='word_1_154' title='bbox 801 2060 888 2137; x_wconf 87' lang='lat' dir='ltr'><strong>panld</strong></span> <span class='ocrx_word' id='word_1_155' title='bbox 916 2064 984 2120; x_wconf 82' lang='lat' dir='ltr'><strong>antd</strong></span> <span class='ocrx_word' id='word_1_156' title='bbox 1014 2062 1198 2141; x_wconf 84' lang='lat' dir='ltr'><strong>Lyncestem</strong></span> <span class='ocrx_word' id='word_1_157' title='bbox 1277 2074 1278 2141; x_wconf 60' lang='lat' dir='ltr'><strong>l</strong></span> 
     </span>
     <span class='ocr_line' id='line_1_19' title="bbox 172 2152 1197 2231; baseline 0.005 -16"><span class='ocrx_word' id='word_1_158' title='bbox 172 2154 385 2231; x_wconf 81' lang='lat' dir='ltr'><strong>Alexandrum,</strong></span> <span class='ocrx_word' id='word_1_159' title='bbox 400 2154 530 2214; x_wconf 89' lang='lat' dir='ltr'><strong>delatum</strong></span> <span class='ocrx_word' id='word_1_160' title='bbox 544 2174 562 2213; x_wconf 90' lang='lat' dir='ltr'><strong>a</strong></span> <span class='ocrx_word' id='word_1_161' title='bbox 576 2152 690 2214; x_wconf 89' lang='lat' dir='ltr'><strong>duobus</strong></span> <span class='ocrx_word' id='word_1_162' title='bbox 713 2153 869 2230; x_wconf 90' lang='lat' dir='ltr'><strong>indicibus,</strong></span> <span class='ocrx_word' id='word_1_163' title='bbox 891 2156 1030 2216; x_wconf 88' lang='lat' dir='ltr'><strong>damnare</strong></span> <span class='ocrx_word' id='word_1_164' title='bbox 1052 2179 1110 2220; x_wconf 94' lang='lat' dir='ltr'><strong>non</strong></span> <span class='ocrx_word' id='word_1_165' title='bbox 1131 2180 1197 2222; x_wconf 86' lang='lat' dir='ltr'><strong>sus·</strong></span> 
     </span>
     <span class='ocr_line' id='line_1_20' title="bbox 172 2243 1278 2342; baseline 0.007 -34"><span class='ocrx_word' id='word_1_166' title='bbox 172 2251 316 2326; x_wconf 78' lang='lat' dir='ltr'><strong>tinuerat3</strong></span> <span class='ocrx_word' id='word_1_167' title='bbox 338 2249 506 2308; x_wconf 90' lang='lat' dir='ltr'><strong>humiliores</strong></span> <span class='ocrx_word' id='word_1_168' title='bbox 529 2250 644 2329; x_wconf 81' lang='lat' dir='ltr'><strong>qudquc</strong></span> <span class='ocrx_word' id='word_1_169' title='bbox 668 2268 742 2324; x_wconf 88' lang='lat' dir='ltr'><strong>reos,</strong></span> <span class='ocrx_word' id='word_1_170' title='bbox 767 2243 868 2310; x_wconf 80' lang='lat' dir='ltr'><strong>contra</strong></span> <span class='ocrx_word' id='word_1_171' title='bbox 892 2271 973 2310; x_wconf 86' lang='lat' dir='ltr'><strong>suam</strong></span> <span class='ocrx_word' id='word_1_172' title='bbox 1000 2253 1197 2334; x_wconf 85' lang='lat' dir='ltr'><strong>voluntatem,</strong></span> <span class='ocrx_word' id='word_1_173' title='bbox 1277 2293 1278 2342; x_wconf 73' lang='lat'><strong>,</strong></span> 
     </span>
     <span class='ocr_line' id='line_1_21' title="bbox 172 2344 1278 2425; baseline 0.009 -21"><span class='ocrx_word' id='word_1_174' title='bbox 172 2346 242 2425; x_wconf 85' lang='lat' dir='ltr'><strong>qnia</strong></span> <span class='ocrx_word' id='word_1_175' title='bbox 264 2345 382 2404; x_wconf 78' lang='lat' dir='ltr'><strong>cacteris</strong></span> <span class='ocrx_word' id='word_1_176' title='bbox 405 2345 582 2405; x_wconf 83' lang='lat' dir='ltr'><strong>videbantur</strong></span> <span class='ocrx_word' id='word_1_177' title='bbox 605 2344 745 2420; x_wconf 84' lang='lat' dir='ltr'><strong>insontes,</strong></span> <span class='ocrx_word' id='word_1_178' title='bbox 768 2359 871 2422; x_wconf 87' lang='lat' dir='ltr'><strong>passus</strong></span> <span class='ocrx_word' id='word_1_179' title='bbox 893 2347 1023 2408; x_wconf 86' lang='lat' dir='ltr'><strong>absolvi:</strong></span> <span class='ocrx_word' id='word_1_180' title='bbox 1059 2351 1197 2413; x_wconf 86' lang='lat' dir='ltr'><strong>hostibus</strong></span> <span class='ocrx_word' id='word_1_181' title='bbox 1277 2349 1278 2376; x_wconf 28' lang='lat' dir='ltr'><strong>A</strong></span> 
     </span>
     <span class='ocr_line' id='line_1_22' title="bbox 172 2439 1278 2524; baseline 0.001 -23"><span class='ocrx_word' id='word_1_182' title='bbox 172 2440 258 2501; x_wconf 82' lang='lat' dir='ltr'><strong>victis</strong></span> <span class='ocrx_word' id='word_1_183' title='bbox 278 2459 368 2520; x_wconf 79' lang='lat' dir='ltr'><strong>regna</strong></span> <span class='ocrx_word' id='word_1_184' title='bbox 387 2439 541 2498; x_wconf 89' lang='lat' dir='ltr'><strong>rediderat</strong></span> <span class='ocrx_word' id='word_1_185' title='bbox 583 2439 635 2498; x_wconf 87' lang='lat' dir='ltr'><strong>Ad</strong></span> <span class='ocrx_word' id='word_1_186' title='bbox 659 2439 795 2500; x_wconf 88' lang='lat' dir='ltr'><strong>ultimum</strong></span> <span class='ocrx_word' id='word_1_187' title='bbox 818 2461 836 2500; x_wconf 90' lang='lat' dir='ltr'><strong>a</strong></span> <span class='ocrx_word' id='word_1_188' title='bbox 859 2443 1014 2522; x_wconf 87' lang='lat' dir='ltr'><strong>semetipso</strong></span> <span class='ocrx_word' id='word_1_189' title='bbox 1039 2445 1196 2524; x_wconf 68' lang='lat' dir='ltr'><strong>degenere</strong></span> <span class='ocrx_word' id='word_1_190' title='bbox 1277 2499 1278 2502; x_wconf 74' lang='grc'>,</span> 
     </span>
     <span class='ocr_line' id='line_1_23' title="bbox 172 2533 1197 2615; baseline 0.007 -20"><span class='ocrx_word' id='word_1_191' title='bbox 172 2537 217 2596; x_wconf 84' lang='lat' dir='ltr'><strong>vit</strong></span> <span class='ocrx_word' id='word_1_192' title='bbox 230 2554 321 2614; x_wconf 88' lang='lat' dir='ltr'><strong>nsque</strong></span> <span class='ocrx_word' id='word_1_193' title='bbox 336 2535 415 2609; x_wconf 85' lang='lat' dir='ltr'><strong>adad,</strong></span> <span class='ocrx_word' id='word_1_194' title='bbox 429 2541 470 2612; x_wconf 89' lang='lat' dir='ltr'><strong>ut,</strong></span> <span class='ocrx_word' id='word_1_195' title='bbox 494 2534 514 2562; x_wconf 79' lang='lat'><strong>&#39;⁰</strong></span> <span class='ocrx_word' id='word_1_196' title='bbox 526 2533 666 2594; x_wconf 82' lang='lat' dir='ltr'><strong>adversus</strong></span> <span class='ocrx_word' id='word_1_197' title='bbox 688 2535 839 2595; x_wconf 88' lang='lat' dir='ltr'><strong>libidinem</strong></span> <span class='ocrx_word' id='word_1_198' title='bbox 854 2538 950 2615; x_wconf 89' lang='lat' dir='ltr'><strong>animi,</strong></span> <span class='ocrx_word' id='word_1_199' title='bbox 966 2539 1088 2599; x_wconf 87' lang='lat' dir='ltr'><strong>arbitrio</strong></span> <span class='ocrx_word' id='word_1_200' title='bbox 1103 2545 1197 2602; x_wconf 88' lang='lat' dir='ltr'><strong>scorti</strong></span> 
     </span>
     <span class='ocr_line' id='line_1_24' title="bbox 174 2629 1196 2710; baseline 0.005 -18"><span class='ocrx_word' id='word_1_201' title='bbox 174 2633 240 2692; x_wconf 87' lang='lat' dir='ltr'><strong>aliis</strong></span> <span class='ocrx_word' id='word_1_202' title='bbox 263 2651 353 2710; x_wconf 82' lang='lat' dir='ltr'><strong>regna</strong></span> <span class='ocrx_word' id='word_1_203' title='bbox 373 2631 466 2705; x_wconf 87' lang='lat' dir='ltr'><strong>daret,</strong></span> <span class='ocrx_word' id='word_1_204' title='bbox 480 2629 547 2688; x_wconf 89' lang='lat' dir='ltr'><strong>aliis</strong></span> <span class='ocrx_word' id='word_1_205' title='bbox 571 2631 714 2689; x_wconf 86' lang='lat' dir='ltr'><strong>adimeret</strong></span> <span class='ocrx_word' id='word_1_206' title='bbox 728 2631 827 2692; x_wconf 88' lang='lat' dir='ltr'><strong>vitam.</strong></span> <span class='ocrx_word' id='word_1_207' title='bbox 870 2631 983 2693; x_wconf 90' lang='lat' dir='ltr'><strong>Iisdem</strong></span> <span class='ocrx_word' id='word_1_208' title='bbox 1003 2635 1065 2693; x_wconf 83' lang='lat' dir='ltr'><strong>ferd</strong></span> <span class='ocrx_word' id='word_1_209' title='bbox 1088 2637 1196 2697; x_wconf 90' lang='lat' dir='ltr'><strong>diebus</strong></span> 
     </span>
     <span class='ocr_line' id='line_1_25' title="bbox 174 2725 1223 2810; baseline 0.003 -22"><span class='ocrx_word' id='word_1_210' title='bbox 174 2729 289 2788; x_wconf 88' lang='lat' dir='ltr'><strong>litteras</strong></span> <span class='ocrx_word' id='word_1_211' title='bbox 309 2748 327 2786; x_wconf 90' lang='lat' dir='ltr'><strong>a</strong></span> <span class='ocrx_word' id='word_1_212' title='bbox 348 2725 437 2788; x_wconf 80' lang='lat' dir='ltr'><strong>Coeno</strong></span> <span class='ocrx_word' id='word_1_213' title='bbox 451 2726 563 2804; x_wconf 88' lang='lat' dir='ltr'><strong>accepit</strong></span> <span class='ocrx_word' id='word_1_214' title='bbox 577 2726 612 2784; x_wconf 90' lang='lat' dir='ltr'><strong>de</strong></span> <span class='ocrx_word' id='word_1_215' title='bbox 635 2727 723 2786; x_wconf 89' lang='lat' dir='ltr'><strong>rebus</strong></span> <span class='ocrx_word' id='word_1_216' title='bbox 748 2726 778 2784; x_wconf 94' lang='lat' dir='ltr'><strong>in</strong></span> <span class='ocrx_word' id='word_1_217' title='bbox 801 2727 920 2806; x_wconf 69' lang='lat' dir='ltr'><strong>Europa</strong></span> <span class='ocrx_word' id='word_1_218' title='bbox 943 2736 973 2787; x_wconf 90' lang='lat' dir='ltr'><strong>et</strong></span> <span class='ocrx_word' id='word_1_219' title='bbox 993 2730 1069 2788; x_wconf 67' lang='lat' dir='ltr'><strong>Asida</strong></span> <span class='ocrx_word' id='word_1_220' title='bbox 1090 2734 1195 2810; x_wconf 85' lang='lat' dir='ltr'><strong>gestis,</strong></span> <span class='ocrx_word' id='word_1_221' title='bbox 1218 2735 1223 2742; x_wconf 87' lang='lat'>&#39;</span> 
     </span>
     <span class='ocr_line' id='line_1_26' title="bbox 175 2821 1195 2902; baseline 0.003 -17"><span class='ocrx_word' id='word_1_222' title='bbox 175 2827 244 2885; x_wconf 91' lang='lat' dir='ltr'><strong>dum</strong></span> <span class='ocrx_word' id='word_1_223' title='bbox 258 2826 320 2902; x_wconf 90' lang='lat' dir='ltr'><strong>ipse</strong></span> <span class='ocrx_word' id='word_1_224' title='bbox 335 2823 452 2883; x_wconf 88' lang='lat' dir='ltr'><strong>Indiam</strong></span> <span class='ocrx_word' id='word_1_225' title='bbox 466 2822 583 2898; x_wconf 82' lang='lat' dir='ltr'><strong>subigit.</strong></span> <span class='ocrx_word' id='word_1_226' title='bbox 629 2821 755 2899; x_wconf 87' lang='lat' dir='ltr'><strong>Zopyrio</strong></span> <span class='ocrx_word' id='word_1_227' title='bbox 772 2822 909 2882; x_wconf 77' lang='lat' dir='ltr'><strong>Thraciae·</strong></span> <span class='ocrx_word' id='word_1_228' title='bbox 924 2827 1108 2902; x_wconf 83' lang='lat' dir='ltr'><strong>praepositus,</strong></span> <span class='ocrx_word' id='word_1_229' title='bbox 1124 2829 1195 2888; x_wconf 89' lang='lat' dir='ltr'><strong>dum</strong></span> 
     </span>
     <span class='ocr_line' id='line_1_27' title="bbox 175 2917 1195 3004; baseline 0.003 -24"><span class='ocrx_word' id='word_1_230' title='bbox 175 2920 392 2998; x_wconf 85' lang='lat' dir='ltr'><strong>expeditionem</strong></span> <span class='ocrx_word' id='word_1_231' title='bbox 419 2919 450 2977; x_wconf 94' lang='lat' dir='ltr'><strong>in</strong></span> <span class='ocrx_word' id='word_1_232' title='bbox 481 2917 572 2979; x_wconf 86' lang='lat' dir='ltr'><strong>Getas</strong></span> <span class='ocrx_word' id='word_1_233' title='bbox 598 2918 715 2992; x_wconf 81' lang='lat' dir='ltr'><strong>faceret,</strong></span> <span class='ocrx_word' id='word_1_234' title='bbox 745 2919 969 2995; x_wconf 83' lang='lat' dir='ltr'><strong>tempestatibus</strong></span> <span class='ocrx_word' id='word_1_235' title='bbox 995 2923 1195 3004; x_wconf 87' lang='lat' dir='ltr'><strong>procellisque</strong></span> 
     </span>
     <span class='ocr_line' id='line_1_28' title="bbox 175 3013 1195 3092; baseline 0.004 -18"><span class='ocrx_word' id='word_1_236' title='bbox 175 3017 274 3075; x_wconf 82' lang='lat' dir='ltr'><strong>subito</strong></span> <span class='ocrx_word' id='word_1_237' title='bbox 301 3015 419 3088; x_wconf 87' lang='lat' dir='ltr'><strong>coortis,</strong></span> <span class='ocrx_word' id='word_1_238' title='bbox 447 3034 513 3073; x_wconf 86' lang='lat' dir='ltr'><strong>curn</strong></span> <span class='ocrx_word' id='word_1_239' title='bbox 546 3020 609 3072; x_wconf 89' lang='lat' dir='ltr'><strong>toto</strong></span> <span class='ocrx_word' id='word_1_240' title='bbox 644 3013 774 3072; x_wconf 84' lang='lat' dir='ltr'><strong>exercitu</strong></span> <span class='ocrx_word' id='word_1_241' title='bbox 808 3033 963 3092; x_wconf 90' lang='lat' dir='ltr'><strong>oppressus</strong></span> <span class='ocrx_word' id='word_1_242' title='bbox 997 3027 1068 3075; x_wconf 89' lang='lat' dir='ltr'><strong>erat.</strong></span> <span class='ocrx_word' id='word_1_243' title='bbox 1128 3019 1195 3090; x_wconf 78' lang='lat' dir='ltr'><strong>Qua</strong></span> 
     </span>
     <span class='ocr_line' id='line_1_29' title="bbox 175 3106 1195 3189; baseline 0.006 -20"><span class='ocrx_word' id='word_1_244' title='bbox 175 3110 292 3189; x_wconf 75' lang='lat' dir='ltr'><strong>cognita</strong></span> <span class='ocrx_word' id='word_1_245' title='bbox 315 3109 406 3183; x_wconf 87' lang='lat' dir='ltr'><strong>clade,</strong></span> <span class='ocrx_word' id='word_1_246' title='bbox 432 3108 557 3168; x_wconf 86' lang='lat' dir='ltr'><strong>Seuthes</strong></span> <span class='ocrx_word' id='word_1_247' title='bbox 573 3106 706 3185; x_wconf 84' lang='lat' dir='ltr'><strong>Odrysas</strong></span> <span class='ocrx_word' id='word_1_248' title='bbox 728 3107 884 3186; x_wconf 89' lang='lat' dir='ltr'><strong>populares</strong></span> <span class='ocrx_word' id='word_1_249' title='bbox 906 3129 973 3170; x_wconf 89' lang='lat' dir='ltr'><strong>suos</strong></span> <span class='ocrx_word' id='word_1_250' title='bbox 996 3112 1033 3170; x_wconf 93' lang='lat' dir='ltr'><strong>ad</strong></span> <span class='ocrx_word' id='word_1_251' title='bbox 1057 3113 1195 3176; x_wconf 89' lang='lat' dir='ltr'><strong>defectio·</strong></span> 
     </span>
     <span class='ocr_line' id='line_1_30' title="bbox 175 3203 1197 3282; baseline 0.003 -17"><span class='ocrx_word' id='word_1_252' title='bbox 175 3225 242 3265; x_wconf 90' lang='lat' dir='ltr'><strong>nem</strong></span> <span class='ocrx_word' id='word_1_253' title='bbox 263 3203 450 3281; x_wconf 88' lang='lat' dir='ltr'><strong>compulerat.</strong></span> <span class='ocrx_word' id='word_1_254' title='bbox 493 3204 614 3263; x_wconf 78' lang='lat' dir='ltr'><strong>Amisst</strong></span> <span class='ocrx_word' id='word_1_255' title='bbox 635 3203 844 3282; x_wconf 86' lang='lat' dir='ltr'><strong>propemodum</strong></span> <span class='ocrx_word' id='word_1_256' title='bbox 867 3204 1001 3280; x_wconf 73' lang='lat' dir='ltr'><strong>Thracia,</strong></span> <span class='ocrx_word' id='word_1_257' title='bbox 1022 3227 1058 3266; x_wconf 92' lang='lat' dir='ltr'><strong>ne</strong></span> <span class='ocrx_word' id='word_1_258' title='bbox 1079 3209 1197 3272; x_wconf 82' lang='lat' dir='ltr'><strong>Graecia</strong></span> 
     </span>
     <span class='ocr_line' id='line_1_31' title="bbox 176 3301 326 3383; baseline -0.013 -23"><span class='ocrx_word' id='word_1_259' title='bbox 176 3301 326 3383; x_wconf 74' lang='lat' dir='ltr'><strong>”quidem</strong></span> 
     </span>
     <span class='ocr_line' id='line_1_32' title="bbox 340 3391 1197 3461; baseline 0.011 -19"><span class='ocrx_word' id='word_1_260' title='bbox 340 3391 501 3461; x_wconf 87' lang='lat' dir='ltr'><strong>[inconcussa</strong></span> <span class='ocrx_word' id='word_1_261' title='bbox 518 3392 631 3442; x_wconf 86' lang='lat' dir='ltr'><strong>tumultu</strong></span> <span class='ocrx_word' id='word_1_262' title='bbox 647 3391 703 3444; x_wconf 83' lang='lat' dir='ltr'><strong>fuit</strong></span> <span class='ocrx_word' id='word_1_263' title='bbox 738 3394 800 3444; x_wconf 82' lang='lat' dir='ltr'><strong>Cum</strong></span> <span class='ocrx_word' id='word_1_264' title='bbox 818 3391 885 3443; x_wconf 91' lang='lat' dir='ltr'><strong>enim</strong></span> <span class='ocrx_word' id='word_1_265' title='bbox 903 3394 1053 3458; x_wconf 85' lang='lat' dir='ltr'><strong>Alexander,</strong></span> <span class='ocrx_word' id='word_1_266' title='bbox 1073 3415 1105 3448; x_wconf 86' lang='lat' dir='ltr'><strong>ex</strong></span> <span class='ocrx_word' id='word_1_267' title='bbox 1123 3401 1197 3458; x_wconf 77' lang='lat' dir='ltr'><strong>Indis</strong></span> 
     </span>
     <span class='ocr_line' id='line_1_33' title="bbox 175 3472 1197 3556; baseline 0.003 -25"><span class='ocrx_word' id='word_1_268' title='bbox 175 3495 300 3538; x_wconf 84' lang='lat' dir='ltr'><strong>reversus,</strong></span> <span class='ocrx_word' id='word_1_269' title='bbox 322 3476 460 3544; x_wconf 74' lang='lat' dir='ltr'><strong>prefectos,</strong></span> <span class='ocrx_word' id='word_1_270' title='bbox 478 3472 531 3556; x_wconf 75' lang='lat' dir='ltr'><strong>qui,</strong></span> <span class='ocrx_word' id='word_1_271' title='bbox 554 3475 688 3541; x_wconf 87' lang='lat' dir='ltr'><strong>desperato</strong></span> <span class='ocrx_word' id='word_1_272' title='bbox 709 3474 762 3542; x_wconf 89' lang='lat' dir='ltr'><strong>ejus</strong></span> <span class='ocrx_word' id='word_1_273' title='bbox 786 3474 880 3537; x_wconf 89' lang='lat' dir='ltr'><strong>reditu,</strong></span> <span class='ocrx_word' id='word_1_274' title='bbox 902 3478 1010 3543; x_wconf 89' lang='lat' dir='ltr'><strong>superbe</strong></span> <span class='ocrx_word' id='word_1_275' title='bbox 1030 3478 1197 3546; x_wconf 81' lang='lat' dir='ltr'><strong>imperarant,</strong></span> 
     </span>
     <span class='ocr_line' id='line_1_34' title="bbox 176 3555 1197 3628; baseline 0.002 -16"><span class='ocrx_word' id='word_1_276' title='bbox 176 3560 289 3612; x_wconf 84' lang='lat' dir='ltr'><strong>severius</strong></span> <span class='ocrx_word' id='word_1_277' title='bbox 297 3561 418 3626; x_wconf 78' lang='lat' dir='ltr'><strong>punisset,</strong></span> <span class='ocrx_word' id='word_1_278' title='bbox 427 3555 513 3608; x_wconf 85' lang='lat' dir='ltr'><strong>coeteri</strong></span> <span class='ocrx_word' id='word_1_279' title='bbox 524 3573 634 3624; x_wconf 91' lang='lat' dir='ltr'><strong>quoque,</strong></span> <span class='ocrx_word' id='word_1_280' title='bbox 642 3555 838 3623; x_wconf 84' lang='lat' dir='ltr'><strong>provincialium</strong></span> <span class='ocrx_word' id='word_1_281' title='bbox 847 3563 988 3609; x_wconf 87' lang='lat' dir='ltr'><strong>metuentes</strong></span> <span class='ocrx_word' id='word_1_282' title='bbox 999 3563 1197 3628; x_wconf 83' lang='lat' dir='ltr'><strong>accusationem,</strong></span> 
     </span>
     <span class='ocr_line' id='line_1_35' title="bbox 177 3637 1198 3713; baseline 0.004 -21"><span class='ocrx_word' id='word_1_283' title='bbox 177 3659 226 3708; x_wconf 88' lang='lat' dir='ltr'><strong>ope</strong></span> <span class='ocrx_word' id='word_1_284' title='bbox 237 3639 452 3692; x_wconf 89' lang='lat' dir='ltr'><strong>mercenariorum</strong></span> <span class='ocrx_word' id='word_1_285' title='bbox 462 3637 579 3698; x_wconf 89' lang='lat' dir='ltr'><strong>militum,</strong></span> <span class='ocrx_word' id='word_1_286' title='bbox 591 3637 685 3704; x_wconf 90' lang='lat' dir='ltr'><strong>quibus</strong></span> <span class='ocrx_word' id='word_1_287' title='bbox 697 3644 830 3704; x_wconf 82' lang='lat' dir='ltr'><strong>praeerant,</strong></span> <span class='ocrx_word' id='word_1_288' title='bbox 843 3645 869 3688; x_wconf 90' lang='lat' dir='ltr'><strong>et</strong></span> <span class='ocrx_word' id='word_1_289' title='bbox 879 3640 939 3704; x_wconf 70' lang='lat' dir='ltr'><strong>fuga</strong></span> <span class='ocrx_word' id='word_1_290' title='bbox 950 3639 999 3691; x_wconf 88' lang='lat' dir='ltr'><strong>sibi</strong></span> <span class='ocrx_word' id='word_1_291' title='bbox 1010 3643 1120 3693; x_wconf 87' lang='lat' dir='ltr'><strong>salntem</strong></span> <span class='ocrx_word' id='word_1_292' title='bbox 1132 3662 1198 3713; x_wconf 76' lang='lat' dir='ltr'><strong>qua·</strong></span> 
     </span>
     <span class='ocr_line' id='line_1_36' title="bbox 143 3717 1200 3796; baseline 0.005 -23"><span class='ocrx_word' id='word_1_293' title='bbox 143 3760 147 3768; x_wconf 83' lang='grc'><em>.</em></span> <span class='ocrx_word' id='word_1_294' title='bbox 177 3725 276 3774; x_wconf 84' lang='lat' dir='ltr'><strong>rebant</strong></span> <span class='ocrx_word' id='word_1_295' title='bbox 310 3722 446 3788; x_wconf 90' lang='lat' dir='ltr'><strong>Harpalus,</strong></span> <span class='ocrx_word' id='word_1_296' title='bbox 457 3718 606 3786; x_wconf 78' lang='lat' dir='ltr'><strong>Babylonia</strong></span> <span class='ocrx_word' id='word_1_297' title='bbox 614 3725 672 3785; x_wconf 90' lang='lat' dir='ltr'><strong>post</strong></span> <span class='ocrx_word' id='word_1_298' title='bbox 680 3717 766 3768; x_wconf 85' lang='lat' dir='ltr'><strong>Mazaei</strong></span> <span class='ocrx_word' id='word_1_299' title='bbox 782 3726 888 3770; x_wconf 85' lang='lat' dir='ltr'><strong>mortem</strong></span> <span class='ocrx_word' id='word_1_300' title='bbox 905 3721 1045 3787; x_wconf 72' lang='lat' dir='ltr'><strong>prefectum,</strong></span> <span class='ocrx_word' id='word_1_301' title='bbox 1057 3728 1115 3774; x_wconf 83' lang='lat' dir='ltr'><strong>oum</strong></span> <span class='ocrx_word' id='word_1_302' title='bbox 1126 3728 1200 3796; x_wconf 81' lang='lat' dir='ltr'><strong>luxu-</strong></span> 
     </span>
    </p>
   </div>
   <div class='ocr_carea' id='block_1_3' title="bbox 178 3799 1278 3952">
    <p class='ocr_par' dir='ltr' id='par_1_3' title="bbox 178 3799 1278 3952">
     <span class='ocr_line' id='line_1_37' title="bbox 178 3799 1199 3869; baseline 0.003 -15"><span class='ocrx_word' id='word_1_303' title='bbox 178 3803 244 3854; x_wconf 83' lang='lat' dir='ltr'><strong>riose</strong></span> <span class='ocrx_word' id='word_1_304' title='bbox 261 3801 372 3863; x_wconf 80' lang='lat' dir='ltr'><strong>vixisset,</strong></span> <span class='ocrx_word' id='word_1_305' title='bbox 389 3801 464 3852; x_wconf 71' lang='lat' dir='ltr'><strong>venit</strong></span> <span class='ocrx_word' id='word_1_306' title='bbox 483 3802 625 3867; x_wconf 69' lang='lat' dir='ltr'><strong>deperata</strong></span> <span class='ocrx_word' id='word_1_307' title='bbox 641 3815 659 3850; x_wconf 83' lang='lat' dir='ltr'><strong>v</strong></span> <span class='ocrx_word' id='word_1_308' title='bbox 675 3799 787 3850; x_wconf 89' lang='lat' dir='ltr'><strong>millibus</strong></span> <span class='ocrx_word' id='word_1_309' title='bbox 804 3801 927 3852; x_wconf 80' lang='lat' dir='ltr'><strong>talentum</strong></span> <span class='ocrx_word' id='word_1_310' title='bbox 945 3804 1076 3869; x_wconf 89' lang='lat' dir='ltr'><strong>correptis,</strong></span> <span class='ocrx_word' id='word_1_311' title='bbox 1096 3823 1155 3856; x_wconf 87' lang='lat' dir='ltr'><strong>oum</strong></span> <span class='ocrx_word' id='word_1_312' title='bbox 1172 3825 1199 3860; x_wconf 82' lang='lat' dir='ltr'><strong>vr</strong></span> 
     </span>
     <span class='ocr_line' id='line_1_38' title="bbox 179 3878 1278 3952; baseline 0.005 -18"><span class='ocrx_word' id='word_1_313' title='bbox 179 3881 291 3934; x_wconf 81' lang='lat' dir='ltr'><strong>millibus</strong></span> <span class='ocrx_word' id='word_1_314' title='bbox 308 3881 522 3933; x_wconf 88' lang='lat' dir='ltr'><strong>mercenariorum</strong></span> <span class='ocrx_word' id='word_1_315' title='bbox 538 3879 567 3930; x_wconf 93' lang='lat' dir='ltr'><strong>in</strong></span> <span class='ocrx_word' id='word_1_316' title='bbox 585 3878 709 3932; x_wconf 75' lang='lat' dir='ltr'><strong>Graeciam</strong></span> <span class='ocrx_word' id='word_1_317' title='bbox 728 3880 848 3948; x_wconf 79' lang='lat' dir='ltr'><strong>profugit,</strong></span> <span class='ocrx_word' id='word_1_318' title='bbox 868 3881 962 3949; x_wconf 85' lang='lat' dir='ltr'><strong>quibus</strong></span> <span class='ocrx_word' id='word_1_319' title='bbox 983 3893 1153 3950; x_wconf 87' lang='lat' dir='ltr'><strong>persuaserat,</strong></span> <span class='ocrx_word' id='word_1_320' title='bbox 1173 3906 1199 3940; x_wconf 87' lang='lat' dir='ltr'><strong>sc</strong></span> <span class='ocrx_word' id='word_1_321' title='bbox 1277 3939 1278 3952; x_wconf 58' lang='lat'><strong>,</strong></span> 
     </span>
    </p>
   </div>
   <div class='ocr_carea' id='block_1_4' title="bbox 0 0 1300 4400">
    <p class='ocr_par' dir='ltr' id='par_1_4' title="bbox 0 0 1300 4400">
     <span class='ocr_line' id='line_1_39' title="bbox 0 0 1300 4400; baseline 0 0"><span class='ocrx_word' id='word_1_322' title='bbox 0 0 1300 4400; x_wconf 95' lang='lat' dir='ltr'><strong> </strong></span> 
     </span>
    </p>
   </div>
  </div>
 </body>
</html>
