2592 4400
385 425 509 469 mssa
535 411 606 468 vir.
633 428 720 469 cer.
747 427 802 468 rr.
1053 410 1105 469 151

88 566 204 627 conniti
218 544 277 626 nori
297 574 423 644 possent
467 568 497 626 A
517 564 762 627 commilitonibus
783 572 931 645 torpentes
945 564 1109 626 excitaban-

87 669 159 721 tur:
180 681 272 740 neque
285 662 366 721 aliud
379 660 541 721 remedium
556 669 637 735 erat,
651 664 741 741 quam
754 670 788 721 ut
801 662 915 742 ingredi
930 670 1106 743 cogerentur.

89 757 170 815 Tum
198 757 314 816 demum
341 757 425 817 vitali
452 760 547 816 calore
573 764 662 832 moto,
691 758 827 817 membris
855 757 960 837 aliquis
994 757 1109 817 redibat

88 853 185 931 vigor.
229 852 328 929 siqui
348 852 469 930 tuguria
489 851 686 911 Barbarorum
700 852 781 911 adire
794 860 962 931 potueruut,
977 852 1110 911 celeriter

88 947 198 1005 refecti
212 955 299 1005 sunt:
321 946 373 1005 sed
395 954 479 1005 tanta
499 946 593 1023 caligo
607 954 680 1022 erat,
701 955 735 1005 ut
756 948 878 1007 aedificis
891 948 972 1007 nulla
985 948 1042 1007 alia
1061 967 1109 1007 res

88 1044 183 1120 quam
206 1044 305 1101 fumus
329 1041 503 1104 ostenderet.
546 1041 598 1100 Illi
621 1061 769 1120 uunquam
796 1045 863 1101 ante
891 1044 1028 1101 interris
1049 1044 1109 1101 suis

89 1138 208 1197 advena
231 1138 303 1211 viso,
329 1141 394 1196 cum
414 1144 540 1214 armatos
566 1140 689 1214 repente
717 1138 925 1215 conspicerent,
953 1139 1110 1198 exanimati

89 1243 183 1307 metu,
205 1232 348 1311 quidquid
369 1232 400 1289 in
422 1231 548 1310 tuguriis
569 1246 641 1305 erat,
672 1233 848 1310 afferebant3
880 1240 915 1292 ut
942 1233 1110 1311 corporibus

89 1329 226 1407 ipsorum
246 1335 420 1405 parceretur,
443 1334 567 1385 orantes.
610 1327 678 1386 Rex
698 1348 799 1406 agmen
821 1329 992 1389 circumibat
1012 1329 1109 1406 pedes,

96 1424 231 1499 jacentes
251 1421 390 1500 quosdam
417 1422 539 1501 erigens,
567 1427 597 1480 et
622 1422 705 1497 alios,
727 1424 794 1481 edm
814 1423 890 1503 aegre
912 1431 1109 1504 sequerentur,

91 1517 292 1576 ‘adminiculo
317 1515 447 1594 corporis
468 1517 515 1575 sui
537 1516 692 1595 excipiens.
736 1510 823 1577 Nunc
845 1519 883 1577 ad
905 1521 998 1599 prima
1018 1520 1109 1599 sigua,

90 1632 172 1671 nunc
194 1612 225 1670 in
247 1612 351 1685 medio,
371 1630 448 1669 nunc
470 1611 501 1669 in
522 1611 626 1670 ultimo
646 1613 760 1691 agmine
782 1614 894 1673 itineris
916 1615 1110 1693 multiplicato

91 1708 197 1767 labore
222 1707 331 1765 aderat.
388 1706 519 1766 Tandem
542 1706 581 1765 ad
608 1707 733 1767 cultiora
759 1716 932 1786 perventum
959 1718 1004 1769 est
1038 1709 1109 1785 loca,
1179 1758 1180 1761 ,

37 1876 41 1883 1
91 1811 316 1881 commeatuque
330 1802 411 1883 largo
420 1810 568 1862 recreatus
583 1805 744 1881 exercitus;
767 1805 854 1863 simul
867 1812 897 1864 et
910 1806 961 1885 qui
975 1805 1111 1885 consequi

92 1919 152 1959 non
167 1905 332 1978 potuerant,
346 1899 378 1956 in
391 1898 444 1957 illa
456 1905 551 1957 castra
564 1907 713 1959 venerunt.

159 1999 204 2053 12.
227 1994 302 2053 Inde
328 2013 431 2072 agmen
453 1994 595 2071 processit
618 1994 657 2051 ad
682 1992 842 2054 Caucasum
865 2001 1001 2071 montem,
1026 1998 1111 2074 cujus

93 2090 215 2149 dorsum
230 2090 333 2147 Asiam
347 2096 487 2165 perpetuo
509 2091 581 2165 jugo
595 2088 720 2147 dividit:
751 2089 818 2149 hino
832 2088 920 2167 simul
934 2110 1019 2168 mare,
1032 2090 1111 2169 quod

97 2185 233 2247 Ciliciam
257 2184 352 2261 subit,
373 2183 455 2243 illinc
483 2182 621 2262 Caspium
645 2183 763 2260 fretum,
788 2193 824 2244 et
838 2207 951 2246 amnem
972 2188 1111 2266 Araxem,

95 2283 213 2362 aliaque
226 2272 353 2360 regionis
367 2279 496 2357 scythia
510 2280 625 2338 deserta
645 2282 655 2310 ⁰
667 2289 786 2358 spectat.
829 2283 942 2343 Taurus
957 2285 1111 2346 'secundae

94 2375 307 2456 magnitudinis
329 2395 410 2434 mons
434 2375 627 2434 committitur
651 2375 797 2454 Caucaso,
827 2398 845 2436 a
869 2377 1053 2458 Cappadocia
1080 2400 1111 2441 se

95 2473 237 2533 attollens
260 2469 393 2532 Ciliciam
415 2470 555 2546 praeterit‚
571 2471 776 2550 Armeniaeque
797 2475 945 2535 montibus
966 2477 1110 2554 jungitur.

96 2569 148 2629 Sic
171 2569 249 2626 iuter
271 2586 302 2626 se
320 2568 393 2643 juga
412 2565 495 2625 velut
516 2565 591 2624 serie
611 2566 789 2626 cohaerentia
810 2579 981 2646 perpetuum
1003 2571 1112 2631 habent

97 2664 226 2736 domum,
249 2682 287 2720 ex
308 2680 364 2739 quo
388 2661 470 2720 Asiae
494 2661 674 2719 omniafere
696 2662 821 2737 flumina,
837 2663 895 2722 alia
913 2665 944 2724 in
967 2666 1111 2741 Rubrum,

97 2760 156 2820 alia
178 2759 209 2817 in
233 2756 371 2834 Caspium
392 2775 480 2828 mare,
494 2755 553 2814 alia
566 2757 597 2814 iu
620 2756 791 2834 Hyrcanum
811 2766 841 2816 et
862 2759 1018 2818 Ponticum
1039 2761 1112 2820 deoi-

98 2854 182 2914 dunt.
225 2851 437 2929 Septemdecim
452 2851 566 2908 dierum
588 2851 681 2928 spatio
696 2850 857 2912 Caucasum
871 2855 1019 2931 superavit
1033 2875 1111 2914 exer-

98 2951 185 3010 citus.
228 2948 330 3025 Rupes
354 2948 385 3006 in
407 2967 441 3006 eo
464 2947 562 3006 decem
586 2947 616 3004 in
640 2947 765 3005 circuitu
787 2949 882 3006 stadia
903 2949 1113 3030 complectitur,

97 3055 225 3125 quatuor
247 3045 277 3102 iu
299 3043 485 3102 altitudinem
507 3042 630 3117 excedit,
644 3043 675 3100 iu
697 3047 756 3122 qua
770 3043 898 3102 vinctum
919 3045 1114 3108 ⁸Promethea

99 3143 190 3200 fuisse
204 3139 365 3218 antiquitas
379 3138 480 3197 tradit.
523 3137 689 3198 Condendae
709 3139 739 3195 in
761 3138 907 3199 radicibus
920 3142 1027 3200 montis
1046 3143 1113 3204 urbi

99 3238 184 3297 sedes
205 3235 299 3294 electa
321 3242 382 3310 cst3
404 3242 514 3312 septem
536 3234 666 3294 millibus
689 3253 837 3294 servorum
859 3235 1061 3314 Macedonum,
1083 3245 1114 3298 ct

101 3331 244 3408 praterea
265 3328 416 3403 militibus,
427 3348 553 3406 quorum.
571 3332 660 3406 opera
673 3328 718 3386 uti
741 3329 876 3405 desisset,
891 3333 1062 3409 permissum
1083 3334 1113 3392 in

100 3445 204 3485 noram
218 3424 320 3484 urbem
343 3423 501 3482 considere.
544 3423 631 3481 Hauc
653 3441 766 3503 quoque
787 3425 998 3486 Alexandriam
1012 3426 1114 3486 incolae

100 3517 327 3600 appellaverunt.

159 3615 218 3678 IV.
245 3618 289 3672 13.
312 3615 356 3672 At
378 3612 488 3672 Bessus
510 3612 673 3672 Alexandri
692 3613 841 3676 celeritate
861 3616 1041 3692 perterritus,
1057 3615 1113 3676 diis

100 3714 203 3790 patriis
227 3709 367 3769 sacrificio
389 3710 447 3767 rite
469 3709 555 3784 facto,
570 3709 647 3767 sicut
666 3709 727 3769 illis
746 3712 882 3788 gentibus
897 3729 959 3771 mos
973 3720 1027 3786 est,
1048 3731 1114 3770 cum
1149 3723 1157 3739 ·

102 3809 200 3868 amicis
223 3805 404 3884 ducibusque
425 3805 572 3883 copiarum
593 3806 672 3866 inter
693 3806 792 3884 epulas
816 3805 950 3867 debello
972 3801 1113 3866 consulta

102 3904 158 3965 bat.
200 3903 316 3965 Graves
329 3921 410 3962 mero
429 3920 498 3961 suas
511 3901 588 3962 vires
608 3901 768 3978 extoller03
790 3901 918 3962 hostium
937 3921 1015 3962 nuno
1028 3911 1113 3963 teme·
