2592 4400
198 377 238 435 66
546 393 852 444 oo1nr10uer11

197 531 315 612 quidem
328 532 371 592 rei
383 531 487 592 mdem
496 551 553 590 non
566 531 706 593 obstulit:
726 535 864 594 eoetefflm
872 533 1018 614 agminum
1030 533 1216 612 disnimiux,

63 629 105 696 ll
128 621 283 706 Wetque
309 627 446 702 ordinem,
473 627 620 706 prohibuit
646 629 777 707 perspici
831 629 992 689 Multitudo
1018 631 1217 694 inundaverat

197 741 327 800 tempos,
361 723 551 803 fremitusque
582 730 628 784 tot
653 723 785 799 millium,
812 724 900 783 etiem
932 726 1033 803 preoul
1066 732 1215 790 sentium

198 836 281 876 eures
311 818 484 896 impleverat
541 817 691 878 Fluotuxri
716 818 812 878 auimo
844 819 918 895 Rex,
942 828 973 878 et
998 822 1086 882 modd
1113 843 1214 901 suum,

195 911 281 972 modd
303 913 500 973 Parmenionis
522 913 671 973 eonsilium
692 915 783 973 l'sert
805 915 996 974 oeedmotione
1014 920 1214 996 perpendere:

196 1008 303 1087 quippe
317 1011 351 1070 ed
364 1016 480 1070 ventum
499 1016 570 1084 eret,
583 1008 662 1068 undd
675 1009 765 1088 reoipi
783 1010 942 1091 exereitus,
949 1012 1007 1070 nisi
1019 1013 1121 1089 vietor,
1142 1016 1213 1074 eine

67 1094 173 1161 (25²1)
195 1103 284 1180 elude,
308 1124 365 1165 non
390 1112 494 1184 posset
535 1105 638 1183 Itaque
664 1103 844 1164 disdmuleto
863 1125 976 1183 peroro,
996 1110 1212 1169 mercenarium

194 1199 321 1277 equitem
340 1219 377 1258 ex
400 1198 520 1260 Paeonit
539 1199 698 1277 prendere
715 1200 806 1276 jubet.
847 1199 916 1278 Ipse
935 1201 1116 1282 phalangem,
1129 1207 1213 1264 siout
1283 1210 1284 1247 ³

194 1295 282 1352 nutet
295 1294 404 1354 dietum
418 1301 471 1369 est,
484 1295 516 1353 in
529 1294 585 1354 duo
600 1313 706 1353 eor-nun
725 1294 901 1355 extenderat.
942 1295 1103 1377 Utrumque
1117 1320 1213 1360 norun

194 1389 305 1467 equites
333 1389 475 1468 tegebant.
530 1389 657 1467 «lemque
681 1389 800 1449 nitidior
825 1389 886 1465 lux,
913 1391 1045 1450 dimusse
1070 1393 1210 1473 osliffl'ne,
1283 1440 1284 1461 2

195 1482 286 1540 eoiem
312 1481 437 1542 bostium
466 1483 645 1544 ostenderat:
679 1491 710 1542 et
742 1484 923 1560 Mueedones,
950 1486 1011 1546 sive
1043 1487 1209 1569 alacritate,

68 1568 188 1652 svs
196 1577 286 1638 ¹⁸eive
309 1578 396 1638 taedio
418 1578 647 1656 exspectationis,
668 1578 815 1658 ingentem
835 1582 1025 1660 pugnantium
1044 1603 1124 1643 more
1144 1587 1210 1646 edi·

195 1672 263 1732 dere
277 1673 439 1733 elamorem.
481 1673 627 1732 Redditus
640 1679 671 1732 et
688 1694 707 1732 e
727 1673 834 1748 Persis,
855 1690 970 1734 nemore
983 1677 1128 1757 vallesque
1148 1681 1210 1741 eir-

194 1771 349 1846 onmjeetes
362 1768 486 1830 terribili
500 1787 568 1828 sono
582 1768 758 1846 impleverat
800 1769 886 1828 Neo
873 1789 935 1847 Jtm
947 1773 1087 1832 eontineri
1108 1776 1208 1836 Mene

81 1854 83 1859 ¹
193 1863 281 1925 dones
302 1871 443 1944 poterent,
456 1867 548 1944 quln¹
549 1866 654 1924 ’eursu
673 1883 784 1944 quoque
803 1864 842 1923 ed
861 1866 971 1926 hostem
990 1870 1206 1932 eonteuderent
1283 1902 1284 1953 ,

149 1925 303 2042 {lieliite
330 1960 427 2019 edbite
446 1968 528 2019 retus
547 1959 736 2018 Alexander
727 1979 760 2018 m
777 1959 877 2020 eodem
895 1963 1007 2021 tumulo
1027 1971 1123 2025 eastre
1142 1985 1208 2026 mu·
1283 1978 1284 2031 i

65 2042 85 2116 l
89 2050 136 2106 Ἠ
148 2051 169 2103 θ
191 2057 262 2132 niis,
276 2056 441 2115 ”vellum
429 2055 489 2132 Jeei
507 2054 612 2132 jussit:
634 2062 805 2132 strenueque
817 2074 902 2132 opere
914 2058 1072 2134 perfeeto,
1063 2079 1095 2118 ιιι
1109 2060 1207 2122 teber-

97 2177 101 2186 ·
191 2151 332 2226 neonium,
346 2169 451 2231 exque
464 2148 755 2226 toteeoiesbostium
767 2149 1002 2230 eonspioiebetur,
1015 2157 1141 2218 sternit
1239 2191 1251 2217 ο
1283 2152 1284 2165 ’

252 2247 347 2307 XIII.
371 2250 416 2307 49.
440 2247 535 2305 ιΤιιιιι
548 2247 616 2306 verb
630 2247 766 2305 universo
774 2246 868 2305 futuri
881 2248 1057 2310 disoriminis
1071 2253 1160 2313 feoies
1170 2254 1206 2314 in
1283 2259 1284 2266 ’

192 2343 285 2403 oeulis
305 2349 376 2401 eret.
418 2342 519 2401 Armis
541 2342 703 2421 Insignibus
725 2342 793 2421 equi
806 2343 919 2423 virique
940 2346 1149 2426 splendebant·
1170 2360 1206 2409 et
1283 2407 1284 2428 ,

192 2438 287 2498 omnio
300 2437 455 2496 intentiore
469 2442 539 2497 eurt
553 2458 708 2515 preepnrnrr
699 2437 796 2515 'apud
809 2437 931 2515 hostem,
942 2440 1108 2501 sollieitudo
1124 2445 1204 2505 Prae

76 2528 91 2579 s
99 2530 180 2591 2ιῖ
192 2544 288 2593 torum
309 2533 423 2613 agmine
436 2552 489 2591 eun
502 2532 772 2611 iuterequiteutium
791 2532 976 2611 ostendebet3
999 2556 1032 2594 ue
1046 2538 1204 2619 ²pleraque
1283 2549 1284 2554 ’

105 2628 110 2641 “
192 2630 297 2703 inania,
312 2628 388 2687 sieut
411 2626 544 2687 fremitus
568 2627 725 2702 bominum,
740 2646 878 2705 equomrm
900 2628 1039 2707 hinnitus,
1054 2651 1205 2695 armorum

192 2723 425 2781 internitentium
439 2722 546 2800 fulgor,
561 2722 719 2780 sollicitem
724 2723 946 2829 exspectatione
965 2733 1090 2785 mentem
1104 2730 1204 2790 turbe·

192 2826 300 2883 verant.
343 2817 468 2894 'Igitur,
483 2817 544 2876 sive
558 2792 665 2875 dubius
684 2816 776 2874 enimi
775 2816 859 2891 ,sive
871 2817 987 2878 uttuos
1006 2822 1202 2899 experiretur,

192 2914 343 2973 eonsilium
357 2913 483 2987 udbibet,
497 2912 568 2991 quid
582 2914 727 2989 optinens
733 2913 815 2994 fqotu
828 2921 904 2971 esset
906 2914 1103 2993 ,exquirens
1131 2918 1202 2978 Per·
1283 2971 1284 2974 ,

95 2991 184 3059 W!
192 3011 286 3067 menie
288 3009 499 3086 ,peritissimus
513 3010 589 3066 iuter
601 3008 688 3066 duees
702 3008 809 3065 artium
822 2998 1022 3083 belli,⁴f1ire0,
1032 3030 1089 3069 non
1100 3014 1203 3089 praelio
1283 3079 1284 3082 Ἴ

193 3122 265 3179 opus
279 3122 341 3162 esse
355 3102 506 3161 eeueebat.
527 3102 719 3179 'intempeste
740 3110 824 3160 noete
837 3122 922 3180 posse
944 3104 1067 3180 opprimi
1085 3106 1203 3168 bootes:
1283 3135 1284 3172 ι

194 3196 340 3255 dieoordes
355 3197 484 3257 moribus
486 3197 619 3274 ,linguis
632 3198 668 3255 ed
682 3198 744 3256 baee
759 3205 789 3255 et
803 3216 903 3256 somno
917 3206 947 3257 et
961 3199 1116 3276 improviso
1130 3213 1205 3280 peri·

194 3290 258 3349 eule
279 3289 396 3349 territos
399 3289 555 3369 ,qneudb'
548 3310 577 3347 ιιι
591 3295 732 3349 noeturnt
753 3291 945 3368 trepidatione
966 3296 1117 3355 coituros?
1158 3299 1205 3356 At

193 3374 322 3443 interdiu
335 3384 462 3462 primum
477 3382 620 3442 terribiles
635 3403 804 3443 oeeursurne
823 3386 913 3444 feoies
928 3386 1113 3464 Seytberum,
1129 3390 1201 3449 Boe·
1283 3387 1284 3390 ’

65 3474 89 3542 l
111 3462 216 3547 275
193 3480 418 3577 trinnorumque.
462 3478 551 3536 Hirta
565 3478 626 3537 illle
640 3498 699 3552 ore,
712 3486 741 3536 et
753 3479 884 3538 intonsos
897 3500 993 3539 eomes
1007 3501 1080 3541 esee
1123 3484 1203 3545 Prin

67 3598 125 3651 a«,
193 3544 274 3633 terei
295 3574 430 3633 eximiam
450 3581 598 3633 vastorum
606 3573 849 3683 magnitudinem
871 3594 1039 3653 corporum:
1068 3580 1153 3638 venis
1174 3589 1205 3639 et

193 3668 326 3729 inanibus
341 3668 462 3725 militem
475 3668 575 3743 magis,
587 3664 676 3745 quem
687 3667 776 3743 justis
790 3668 954 3727 formidinis
967 3670 1062 3729 eoneie
1075 3674 1203 3732 moveri:

194 3762 306 3841 deinde,
320 3770 431 3823 tentem
450 3763 668 3821 multitudinem
688 3762 881 3823 eireumfundi
893 3766 1080 3842 pautioribus
1100 3787 1204 3846 posse:
1283 3815 1284 3820 ι

193 3878 251 3917 non
263 3858 294 3919 in
308 3858 421 3919 Oilieiee
444 3858 596 3939 augustiis,
611 3865 642 3917 et
661 3858 748 3918 inviis
769 3860 902 3935 oollibus,
916 3861 968 3919 eed
992 3862 1023 3921 in
1046 3868 1151 3940 epertt
1173 3871 1205 3925 et
