2592 4400
186 405 225 460 42
535 417 680 464 oururr
702 417 843 456 suanir
924 421 930 426 ·

149 593 152 598 ·
186 571 293 630 tarum,
308 575 407 616 remex
424 555 527 616 militis
551 555 642 616 officis
666 555 810 630 turbabat,
825 564 864 632 et,
880 557 957 637 quod
977 558 1007 616 in
1027 557 1200 634 hujusmodi
1279 542 1280 561 ¹

186 671 255 710 casu
279 651 393 724 accidit,
419 651 506 728 periti
530 650 637 727 ignaris
662 651 818 727 parebant;
846 653 954 730 quippe
978 653 1198 732 gubernatores,

22 739 48 804 '3
57 737 259 810 Nssalias
280 745 422 822 imperare
444 744 533 818 soliti,
549 751 611 802 tum
630 752 712 802 metu
730 747 833 804 mortis
851 750 934 824 jussa
952 747 1196 824 exsequebantur.

128 835 149 892 a
187 839 318 898 Tandem
331 839 419 898 remis
434 839 612 914 pertinacius
627 840 829 899 everberatum
842 861 930 915 mare,
941 841 1034 928 veluti
1049 842 1205 918 eripienti.

184 935 240 994 bus
254 935 370 1012 navigia
383 934 539 993 ”classicis
553 934 572 962 '⁸
581 935 676 1009 cessit,
692 935 868 1014 appulsaque
887 943 956 1007 sunt
975 936 1079 1010 littori,
1093 935 1196 995 ²⁴lace-

183 1037 247 1088 rata
262 1029 405 1107 pleraque.
448 1035 458 1048 “
494 1013 738 1135 lium-&r
788 1001 937 1113 ἄμ

247 1127 290 1180 14.
315 1123 426 1181 Iisdem
439 1124 515 1181 forte
537 1122 639 1181 diebus
662 1121 943 1202 Carthaginiensium
963 1123 1052 1200 legati
1072 1122 1200 1201 triginta

15 1187 85 1286 ὅθί)
101 1203 167 1284 ἡ
184 1218 400 1295 superveniunt,
412 1219 507 1293 majus
520 1217 645 1276 obsessis
660 1217 794 1276 solatium
807 1221 895 1296 quam
908 1219 1064 1276 auxilinm:
1086 1219 1198 1296 qnippe

187 1311 344 1371 domestico
368 1311 445 1371 bello
469 1310 574 1370 Poenos
594 1311 614 1338 ²⁶
623 1312 767 1387 impediri,
788 1331 841 1370 nec
861 1312 897 1370 dc
919 1313 1050 1389 imperio,
1070 1312 1122 1370 sed
1140 1332 1200 1387 pro

183 1407 279 1466 salute
295 1405 429 1464 dimicare
453 1406 640 1465 nunciabant.¹
663 1406 962 1499 *Syracusani-tum
977 1406 1109 1466 Africam
1131 1427 1199 1465 ure·
1279 1392 1281 1437 Ῐ

184 1501 271 1582 bant,
298 1508 328 1560 et
348 1501 424 1559 haud
448 1500 550 1577 procul
575 1499 759 1577 Carthaginis
782 1501 874 1560 muris
894 1501 1061 1562 locaverant
1088 1507 1198 1560 castra.
1279 1568 1280 1575 ἵ

184 1595 253 1654 Non
275 1603 371 1653 tamen
386 1595 515 1654 defecere
537 1595 639 1654 animis
664 1595 754 1671 Tyrii,
768 1614 930 1677 quanquam
952 1595 989 1655 ab
1011 1595 1123 1674 ingenti
1142 1615 1217 1684 qu¹
1279 1580 1280 1637 l

21 1667 97 1763 ψ
115 1681 188 1756 ἴ
184 1689 320 1748 destituti
340 1695 430 1762 erant,
446 1689 496 1748 sed
511 1692 647 1768 conjuges
667 1690 831 1767 liberosque
850 1675 1031 1748 devehendos
1046 1689 1199 1768 Carthagi·
1279 1696 1280 1715 ¹

182 1805 249 1842 nem
263 1783 458 1858 tradiderunt,
473 1784 607 1842 ²⁷fortiis
621 1783 763 1861 quidquid
776 1783 918 1842 accideret
931 1783 1029 1856 laturi,
1044 1783 1068 1841 si
1083 1784 1225 1852 carissi-2·

183 1899 259 1940 mam
274 1879 319 1936 sui
333 1886 445 1956 partem
467 1887 551 1938 extra
564 1879 723 1938 communis
744 1878 866 1955 periculi
888 1885 994 1938 sortem
1015 1879 1198 1940 habuissent.
1228 1895 1235 1904 “
1279 1882 1280 1953 l

184 1974 318 2052 Cumque
339 1993 413 2033 uuus
428 1994 443 2032 e
458 1974 570 2036 civibus
585 1975 719 2033 concione
740 1973 906 2047 indicasset,
919 1972 1045 2032 oblatam
1065 1992 1129 2031 esse
1141 1993 1200 2050 per
1279 1976 1281 2055 l

183 2088 315 2132 somnum
331 2069 386 2127 sibi
401 2070 523 2146 speciem
539 2066 795 2146 Apollinis-quem
809 2067 944 2141 '‘eximit
964 2067 1104 2144 religione
1121 2067 1199 2126 cole·
1274 2095 1281 2175 q

169 2234 170 2241 ἵ
200 2170 256 2238 ent,
271 2164 373 2224 urbem
396 2163 570 2240 deserentis;
592 2163 753 2243 molemque
773 2161 1012 2223 aMacedonibus
1031 2164 1141 2239 jactam
1162 2162 1199 2223 in
1279 2182 1281 2244 ζ

94 2326 95 2335 χ
163 2259 253 2332 salo,
271 2259 302 2316 in
325 2258 495 2336 sylvestrem
517 2259 623 2317 saltum
646 2278 708 2316 esse
729 2265 889 2317 mutatam:
910 2276 1073 2336 quanquam
1094 2264 1254 2336 auctorum
1279 2265 1280 2274 ³

183 2354 202 2383 ²⁰
211 2354 283 2412 levis
298 2360 369 2427 erat,
385 2361 481 2411 tamen
495 2354 532 2413 ad
547 2354 692 2413 deteriora
711 2353 855 2411 credenda
874 2352 958 2429 proni
971 2359 1060 2426 metu,
1075 2351 1197 2411 ”aurea

85 2469 88 2525 p
183 2452 286 2505 ostend
301 2448 455 2505 devinxere
476 2447 671 2521 simulacrum,
685 2466 800 2524 araeque
821 2446 967 2521 Herculis,
982 2448 1066 2521 cujus
1078 2447 1195 2505 numini

85 2536 87 2553 ²
183 2529 285 2603 urbem
308 2543 481 2616 dicaverant,
497 2543 642 2602 inseruere
657 2542 813 2616 vinculum,
826 2541 910 2618 quasi
931 2539 982 2599 illo
1004 2539 1067 2599 Deo
1081 2541 1195 2617 Apolli-

203 2658 249 2697 em
263 2638 281 2666 ³¹
290 2645 448 2695 retentare.
491 2636 642 2715 Syracusis
657 2637 688 2694 id
702 2636 887 2695 simulacrum
907 2635 1083 2694 devexerant
1098 2635 1195 2712 Poeni,
1279 2677 1281 2686 ,

161 2754 165 2762 ·
183 2740 213 2791 et
224 2733 254 2791 i'n
268 2731 402 2807 ³⁹majore
417 2731 581 2791 locaverant
595 2731 701 2807 patria,
711 2728 869 2807 multisque
882 2727 948 2785 aliis
961 2728 1063 2805 spoliis
1077 2729 1235 2802 urbium„⁸
1279 2689 1281 2784 l

184 2848 201 2885 a
216 2834 305 2885 semet
319 2834 475 2904 captarum,
485 2844 541 2883 non
558 2822 762 2900 Carthaginem
774 2823 877 2900 magis,
888 2822 975 2900 quim
988 2822 1099 2899 Tyrum
1112 2842 1195 2881 orna-

182 2931 292 2983 verant.
855 2931 857 2936 ’
1047 2971 1073 3009 ‘a

241 3020 289 3077 ,l5.
311 3016 330 3043 ⁸³
342 3016 460 3075 Sacrum
484 3032 606 3091 qnoque,
630 3011 720 3089 (quod
733 3010 859 3089 quidem
882 3009 948 3068 Diis
971 3010 1091 3084 minime
1113 3011 1195 3093 cordi

16 3103 81 3187 355
92 3096 169 3183 ,U
183 3130 246 3169 esse
261 3109 444 3187 crediderim)
457 3108 558 3166 multis
579 3107 692 3166 saeculis
713 3106 918 3180 intermissum,
932 3104 1082 3182 repetendi
1095 3114 1195 3165 auoto-

120 3218 132 3245 '
157 3258 160 3267 .
181 3226 231 3265 res
255 3205 372 3282 quidam
400 3210 490 3275 erant,
513 3211 547 3261 ut
570 3204 712 3279 ingenuus
735 3222 807 3279 puer
834 3202 960 3261 Saturno
987 3200 1252 3277 immolaretur&

185 3300 269 3370 Quod
285 3296 465 3373 sacrilegium
479 3298 578 3356 verids
592 3298 682 3375 quam
697 3316 818 3370 sacrum,
832 3295 1083 3373 Carthaginenses,
1098 3316 1116 3353 a
1130 3315 1194 3355 con-

184 3393 329 3455 ditoribus
352 3391 501 3463 traditum,
516 3409 607 3468 usque
622 3390 659 3448 ad
681 3379 826 3448 excidium
848 3389 930 3449 urbis
950 3408 1011 3448 suae
1034 3390 1194 3469 fecissqsli-

184 3495 304 3556 cuntur:
325 3506 358 3543 ac
371 3485 430 3543 nisi
443 3484 462 3511 ³⁴
471 3485 605 3544 Seniores
620 3486 808 3558 obstitissent,
820 3504 942 3563 quorum
956 3484 1077 3542 consilio
1091 3494 1197 3543 cuneta
1207 3526 1215 3538 .
1224 3520 1239 3565 „-

31 3566 119 3639 ΗΓ
117 3550 184 3645 3³
184 3583 352 3661 agebantur,
375 3580 584 3638 humanitatem
606 3580 670 3637 dira
691 3580 860 3656 superstitio
882 3580 1006 3639 vicisset.
1050 3574 1197 3639 Caeterimi
1274 3624 1277 3629 .

55 3726 64 3737 .
93 3698 103 3759 .'
143 3678 323 3749 ,efficacior
346 3676 425 3734 omni
450 3683 512 3733 arte
535 3674 686 3733 imminens
709 3675 873 3747 necessitas,
896 3694 953 3733 non
976 3674 1086 3731 usitata
1108 3676 1243 3743 modom,

184 3772 328 3849 praesidia,
351 3771 402 3831 sed
427 3771 562 3849 quaedam
588 3771 675 3829 etiam
698 3791 774 3830 nova
795 3771 814 3797 ⁸⁵
822 3771 958 3837 admovit.
1002 3769 1136 3846 Namque
1160 3770 1197 3829 ad

186 3866 360 3945 implicanda
386 3866 501 3945 navigia
527 3885 593 3943 quac
620 3884 718 3924 muros
745 3865 890 3939 subibant,
916 3863 1024 3925 validis
1051 3862 1199 3924 asseribus
1269 3921 1274 3933 ,

1270 3940 1281 4364 l
