2592 4400
401 397 525 441 ninas
546 398 599 439 vr.
628 399 714 440 oar.
744 400 815 441 v11.
1059 384 1114 443 125

97 543 198 596 turres
222 536 370 597 admoveri
387 537 492 615 jubet:
520 538 640 617 ipsoque
667 545 787 615 aspectu
814 539 911 599 territi
937 538 1071 617 Barbari,
1097 558 1114 600 e

95 632 193 690 muris
218 634 239 661 ’¹
253 633 372 710 supinas
395 651 498 691 manus
521 633 674 692 tendentes
698 653 780 693 oraro
808 642 963 712 coeperunt,
991 635 1063 693 iram
1083 636 1114 693 iu

96 726 317 786 Satibarzauem
346 728 517 786 defectionis
546 736 694 787 auctorem
722 738 901 807 reservaret3
935 730 1113 809 supplicibus

94 828 192 881 semet
216 821 390 881 dedentibus
412 830 553 899 parceret.
595 822 672 897 Rex,
696 823 767 881 data
790 824 886 898 veniat,
909 844 967 883 non
990 824 1112 885 obsidio·

93 937 164 976 uem
188 918 274 976 modd
296 918 393 991 solvit,
416 918 468 976 sed
491 918 587 976 omnia
610 936 664 976 sua
686 918 788 978 incolis
808 919 945 978 reddidit.
988 920 1037 978 Ab
1058 918 1113 978 hac

92 1013 171 1071 urbe
205 1013 346 1091 digresso,
375 1013 609 1090 supplementum
643 1032 783 1072 novorum
817 1014 944 1073 militum
978 1016 1111 1073 occurrit.

95 1108 203 1167 Zoilus
228 1109 400 1186 quingentos
422 1108 531 1167 milites
553 1128 589 1166 ex
611 1104 727 1167 Graecia
748 1108 927 1167 adduxerat:
950 1110 1007 1167 tria
1020 1110 1113 1167 millia

92 1224 133 1261 ex
158 1203 280 1281 Illyrico
305 1204 464 1279 Antipater
485 1204 611 1261 miserat.
656 1204 791 1262 Thessali
813 1205 926 1282 equites
946 1210 1060 1262 centum
1082 1211 1113 1263 et

92 1298 222 1377 triginta
243 1318 308 1357 cum
332 1298 470 1376 Philippo
495 1306 584 1357 erant.
629 1298 677 1358 le
703 1299 800 1377 Lydia
821 1300 878 1358 duo
892 1300 984 1359 millia
998 1307 1028 1359 et
1049 1318 1111 1359 sex·

23 1403 24 1406 ’
91 1395 185 1468 conti,
210 1394 380 1472 peregrinus
403 1395 496 1467 miles,
520 1394 711 1452 advenerant:
739 1396 861 1454 trecenti
883 1396 996 1473 equites
1017 1396 1111 1473 gentis

90 1488 229 1565 ejusdem
243 1490 445 1567 sequebantur.
488 1489 556 1547 Hac
578 1509 665 1547 manu
687 1490 803 1567 adjecta
825 1490 957 1568 Drangae
970 1492 1109 1568 pervenit.

90 1584 245 1643 Bellicosa
267 1584 347 1642 natio
356 1591 415 1642 est.
459 1583 597 1661 Satrapes
620 1592 684 1642 erat
709 1584 928 1659 BarzaeuteS,²¹
942 1586 1059 1645 sceleris
1080 1586 1111 1643 in

90 1680 209 1757 Regem
233 1699 318 1736 suum
339 1679 486 1756 particeps
501 1678 599 1739 Besso.
643 1679 676 1738 Is
702 1680 916 1757 suppliciorum,
931 1701 997 1759 quae
1019 1701 1112 1740 meru-

90 1782 165 1850 erat,
177 1782 268 1849 metu,
282 1775 411 1852 profugit
427 1775 457 1832 in
471 1774 596 1833 Indiam.
731 1766 735 1775 ’

155 1869 233 1929 VII.
260 1874 303 1928 19.
326 1869 397 1928 Jam
411 1889 518 1927 nonum
539 1870 616 1928 diem
637 1870 745 1929 stativa
759 1878 849 1943 eraut,
865 1871 931 1928 cum
947 1870 1111 1931 externari

89 1987 151 2025 non
165 1973 251 2023 tutus
274 1965 362 2023 modd
377 1965 453 2039 Rex,
468 1965 520 2023 sed
534 1965 669 2039 invictus,
690 1965 828 2023 intestino
843 1964 971 2024 facinore
995 1966 1111 2042 peteba-

89 2070 150 2121 tur.
197 2061 329 2138 Dymnus
353 2061 473 2119 modioae
497 2061 575 2137 apud
598 2059 710 2139 Regem
726 2060 926 2119 ¹auetoritatis
950 2066 980 2119 et
999 2062 1110 2138 gratiae,

90 2156 214 2230 exoleti,
229 2156 277 2214 cui
293 2154 469 2214 Nicomacho
484 2161 549 2214 erat
569 2174 682 2232 nomen,
697 2176 794 2215 amore
808 2154 958 2236 flagrabat,
974 2156 1111 2235 obsequio

89 2251 144 2310 uni
167 2251 226 2310 sibi
249 2250 342 2309 dediti
364 2250 493 2327 corporis
508 2239 643 2309 vinctus.
675 2250 716 2326 Is,
731 2251 809 2331 quod
833 2271 870 2309 ex
890 2251 975 2310 vultu
996 2269 1111 2330 quoque

90 2345 221 2425 perspici
234 2352 358 2422 poterat,
374 2345 478 2403 similis
493 2345 617 2403 attonito
631 2347 752 2406 remotis
774 2345 892 2406 arbitris
913 2365 978 2404 cum
1002 2348 1111 2422 juvene

91 2442 218 2500 secessit
242 2441 272 2497 in
294 2441 452 2518 templum3
475 2460 579 2498 arcana
593 2461 623 2498 se
638 2448 668 2499 et
690 2441 804 2501 silenda
827 2442 929 2500 afferre
949 2428 1109 2520 praefatus:

90 2552 318 2613 suspensumque
331 2533 554 2612 exspectatione,
568 2554 620 2611 per
634 2525 763 2594 mutuam
776 2537 926 2595 caritatem
941 2542 971 2594 et
990 2537 1111 2616 pignora

89 2631 243 2709 utriusque
255 2629 344 2688 animi
358 2637 451 2708 rogat,
464 2636 499 2688 ut
519 2630 638 2688 affirmet
655 2629 851 2708 jurejurando,
866 2651 932 2710 quse
951 2632 1110 2691 commisis-

90 2735 146 2802 set,
162 2725 281 2784 silentio
295 2745 357 2784 esse
371 2732 522 2786 tecturam
565 2726 607 2784 Et
620 2727 630 2754 ¹
641 2725 692 2784 ille
706 2733 787 2785 ratus
807 2726 892 2802 nihil,
907 2724 1004 2805 ’quod
1025 2727 1112 2785 etiam

90 2843 159 2881 cum
185 2820 316 2898 perjurio
339 2818 532 2898 detegendum
553 2819 636 2895 foret,
660 2820 863 2895 indicaturum,
884 2839 935 2898 per
955 2827 1111 2897 praesentes

91 2918 171 2977 Deos
190 2917 279 2994 jurat
322 2915 398 2974 Tum
418 2915 549 2994 Dymnus
570 2915 673 2992 aperit,
696 2915 868 2974 intertium
890 2912 966 2973 diem
986 2914 1109 2974 iusidias

90 3012 172 3094 Regi
185 3018 374 3089 comparatas,
389 3029 475 3090 seque
488 3012 551 3086 ejus
565 3010 678 3069 consilii
692 3011 817 3070 fortibus
828 3011 898 3070 viris
910 3019 939 3070 et
949 3011 1113 3072 illustribus

90 3129 155 3169 esse
180 3106 378 3184 ⁴participem
421 3105 534 3177 Quibus
555 3106 669 3183 juvenis
693 3105 799 3164 auditis
829 3125 859 3166 se
883 3108 952 3166 vero
973 3106 1058 3166 fidem
1081 3108 1113 3166 iu

90 3202 250 3284 parricidio
273 3200 385 3261 dedisse
398 3201 582 3261 ‘constanter
605 3201 715 3279 abnuit,
740 3221 793 3260 nec
819 3201 882 3260 ulla
905 3203 1053 3283 religione,
1076 3211 1113 3264 'ut

91 3301 188 3360 scelus
211 3305 302 3377 tegat,
325 3316 410 3374 posse
432 3297 597 3376 constringi.
653 3297 783 3376 Dymnus
807 3305 837 3357 et
861 3318 957 3358 amore
982 3307 1011 3358 et
1034 3306 1113 3358 metu

91 3414 200 3470 amens,
223 3393 356 3452 dextram
376 3391 483 3451 exoleti
502 3392 669 3470 complexus
688 3401 719 3452 et
739 3393 908 3472 lacrymans,
924 3414 1013 3469 orare,
1029 3398 1045 3428 “
1056 3394 1108 3471 pri·

91 3497 169 3550 mum
181 3498 218 3548 ut
230 3488 375 3566 particeps
387 3487 501 3546 consilii
514 3488 664 3568 operisque
677 3489 775 3548 lieret:
797 3489 821 3548 si
842 3489 873 3548 id
894 3490 1036 3548 sustinere
1055 3507 1112 3546 non

91 3593 196 3664 posset,
212 3592 341 3643 attamen
354 3603 390 3642 ne
402 3583 539 3660 proderet
553 3602 592 3658 se,
606 3585 689 3660 cujus
703 3604 771 3663 erga
791 3584 885 3661 ipsum
904 3582 1113 3644 benevolentiae

92 3690 198 3758 praeter
211 3679 273 3740 alia
285 3678 341 3736 hoc
353 3697 465 3757 quoque
477 3678 596 3738 haberet
605 3679 796 3738 fortissimum
808 3679 923 3756 pignus,
936 3677 1014 3756 quod
1027 3683 1113 3754 caput

93 3796 176 3836 suum
187 3773 371 3855 permisisset
384 3772 452 3831 fidei
473 3772 567 3831 adhuc
581 3771 768 3850 inexpertae.’'
809 3772 859 3832 Ad
879 3771 1014 3830 ultimum
1034 3791 1113 3831 aver·

94 3873 150 3936 sari
162 3871 261 3935 scelus
274 3874 507 3948 perseverantem
520 3873 600 3926 metu
608 3867 711 3926 mortis
725 3873 833 3944 terret,
855 3870 873 3901 “
885 3866 941 3926 ⁶ab
954 3865 1006 3926 illo
1020 3867 1113 3946 capite
