2592 4400
417 425 540 466 arana
564 426 597 468 x.
626 426 712 466 car.
738 426 788 466 ιν.
1053 411 1112 469 253

10 637 11 640 ¹
93 582 209 622 mecam
221 564 254 621 in
264 562 447 623 matrimonio
464 564 559 642 junxi,
573 584 630 623 non
643 564 814 644 dedignatus
828 585 865 624 ax
877 566 992 643 captivat
1006 566 1113 628 liberos

93 658 210 718 tollere.
253 658 345 717 ⁸Mon
369 658 474 717 deinde
498 662 566 718 crim
589 660 710 737 stirpem
733 662 844 739 generis
864 660 921 719 mei
940 662 1027 721 latiis
1049 682 1113 739 pro·

92 774 202 833 pagare
215 774 355 832 cuperem,
369 775 487 814 uxorem
507 754 591 814 Darii
614 756 702 814 filiam
723 756 809 832 duxi3
832 757 1024 836 proximisque
1045 758 1112 816 ami·

92 869 195 908 corum
215 857 316 908 auctor
337 850 390 926 fui,
404 870 440 909 ex
460 850 582 927 captivis
603 851 759 930 generandi
779 851 895 926 liberos,
910 861 944 909 ut
957 852 1011 911 hoc
1031 874 1111 913 sacro

92 944 203 1012 foedere
225 964 308 1004 omne
331 940 484 1005 discrimen
506 945 577 1006 victi
603 939 776 1007 et'viotoris
800 946 989 1007 excluderem.
1041 950 1112 1008 Pro·

92 1040 165 1098 inde
178 1041 292 1119 genitos
305 1060 366 1101 esse
379 1060 431 1100 vos
452 1040 533 1115 mihi,
548 1061 604 1099 uon
618 1041 726 1100 ascitos
740 1042 857 1116 milites,
872 1042 988 1102 credite.
1030 1044 1112 1104 Asiae

92 1143 123 1194 et
138 1136 265 1213 Europae
277 1156 367 1195 unum
388 1143 474 1214 atque
495 1137 572 1195 idem
591 1156 713 1215 regnum
734 1145 793 1214 est;
816 1136 1008 1197 Macedonum
1028 1139 1111 1199 vobis

92 1252 176 1290 arma
198 1232 243 1292 do.
296 1232 460 1291 Iuveteravi
482 1233 661 1311 peregrinam
686 1226 862 1293 novitatem:
894 1241 924 1292 et
952 1234 1027 1293 cives
1054 1235 1111 1293 mei

92 1332 165 1390 estis
178 1338 209 1389 et
221 1331 338 1390 milites.
382 1328 489 1391 Omnia
512 1331 645 1389 eumdem
669 1331 776 1392 ducunt
790 1332 922 1393 colorem.
966 1330 1029 1391 Nec
1042 1333 1111 1391 Per-

91 1427 135 1487 sis
147 1426 340 1485 Macedonum
352 1445 445 1484 mores
467 1426 647 1501 adumbrare,
661 1446 714 1485 nec
734 1426 941 1488 Macedonibus
955 1428 1110 1488 Persarum

10 1526 13 1530 ’
91 1522 206 1581 imitari
228 1522 392 1580 indecorum
412 1528 463 1581 est.
505 1522 646 1603 Ejusdem
664 1522 741 1600 juris
764 1542 828 1583 esse
849 1524 962 1601 debent,
981 1525 1033 1604 qui
1056 1516 1110 1585 s'ub

91 1617 194 1677 eodem
208 1617 288 1696 Rege
302 1617 427 1677 'victuri
441 1618 537 1677 suut.'’
825 1606 831 1616 ’
1095 1632 1096 1635 ’

551 1705 620 1778 [Hac
630 1712 743 1761 oratione
754 1712 848 1773 habita,
857 1712 937 1763 Persis
948 1714 1059 1780 corporis
1070 1714 1110 1763 sui

92 1794 238 1845 custodiam
255 1794 370 1845 credidit.
411 1794 501 1843 Persas
519 1793 647 1854 satellites,
671 1795 760 1845 Persas
782 1795 940 1860 apparitores
962 1796 1029 1845 iecit.
1061 1798 1111 1846 Per

93 1892 158 1942 quos
171 1877 227 1924 cdm
238 1874 394 1933 Macedones,
407 1874 452 1940 qui
469 1875 529 1923 huic
540 1874 661 1924 seditioni
672 1875 825 1923 occasionem
837 1874 972 1935 dedissent,
983 1876 1063 1925 vincti
1075 1876 1110 1926 ad

92 1954 219 2021 supplicia
231 1954 400 2013 traherentur,
414 1970 494 2003 unum
506 1970 538 2004 ex
548 1954 578 2002 iis
589 1954 741 2003 auctoritate
753 1958 779 2004 et
796 1958 872 2005 aetate
886 1970 999 2021 gravem,
1013 1956 1046 2004 ad
1063 1956 1110 2006 Re-

92 2052 153 2103 gem
165 2037 201 2084 ita
208 2036 322 2085 locutum
333 2036 441 2101 ierunt]

154 2118 213 2177 IV.
240 2120 282 2177 ii.
305 2121 321 2151 “
333 2115 516 2195 Quousque,’'
530 2116 633 2195 inquit,
650 2120 667 2151 “
679 2116 775 2175 animo
798 2124 857 2192 tuo,
872 2117 960 2178 etiam
981 2138 1032 2198 per
1046 2138 1109 2199 sup·

91 2214 191 2294 plicia,
215 2216 264 2273 ¹et
285 2213 401 2292 quidem
421 2214 534 2272 externi
556 2214 655 2288 moria,
680 2213 871 2291 obsequeris?
921 2213 1033 2274 Milites
1055 2217 1108 2292 tui,

93 2311 172 2369 cives
195 2309 250 2384 tui,
274 2308 537 2388 incognitarum,
565 2307 687 2385 captivis
710 2309 769 2368 suis
793 2307 1109 2385 ducentibuatrahun·

93 2415 143 2465 tur
156 2405 195 2462 ad
209 2424 329 2482 poenam.
383 2404 416 2464 Si
428 2412 549 2461 mortem
562 2403 700 2462 meruisse
711 2403 833 2484 judicas,
848 2405 949 2464 saltem
962 2406 1110 2466 ministros

10 2534 11 2539 ι
94 2502 230 2580 supplicii
249 2501 357 2560 muta.”
398 2499 520 2559 'Amico
545 2500 649 2575 animo,
670 2501 769 2560 sineri
793 2502 905 2578 patiens
928 2502 1039 2578 fuisset,
1061 2504 1109 2562 ad·

92 2597 273 2657 monebatur.
314 2595 373 2656 Sed
395 2596 427 2653 in
449 2595 561 2656 rabiem
583 2595 628 2655 ira
651 2604 826 2673 pervenerat
878 2597 982 2676 Itaque
1009 2619 1110 2660 rursus

94 2693 175 2768 (nam
187 2711 349 2770 parumper,
362 2691 466 2771 quibus
480 2691 650 2768 imperatum
665 2699 735 2767 erat,
750 2693 962 2773 dubitaverant)
977 2696 1066 2773 mergi
1078 2695 1109 2752 in

92 2807 215 2861 amnem,
231 2787 306 2845 sicut
318 2785 407 2845 vincti
422 2792 513 2860 erant,
533 2786 631 2862 jussit
674 2785 720 2844 Ne
733 2785 788 2844 hoc
800 2786 917 2865 quidem
938 2788 1109 2864 supplicium

93 2883 269 2965 seditionem
290 2882 416 2940 militum
438 2881 537 2942 movit.
590 2881 723 2960 Namque
747 2882 893 2958 copiarum
916 2881 1002 2940 duces
1025 2889 1109 2960 atque

93 2980 202 3038 amicos
215 2979 277 3054 ejus
290 2976 429 3056 manipuli
442 2976 565 3053 adeunt;
587 2984 727 3054 petentes,
741 2983 775 3034 ut
792 2977 818 3036 si
837 2995 909 3056 quos
926 2977 1017 3035 adhuc
1037 2978 1109 3055 pris-

92 3075 158 3133 tina
180 3077 257 3132 noxa
275 3071 419 3149 judicaret
432 3091 494 3129 esse
517 3079 671 3155 contactos,
690 3071 806 3148 juberet
825 3071 955 3132 interfici.
999 3071 1109 3134 Offerre

93 3189 126 3230 ae
138 3188 258 3246 corpora
271 3168 332 3242 irae,
346 3164 531 3227 ’trucidaret

553 3261 680 3326 [Tandem
704 3263 844 3313 constantia
866 3266 910 3313 sud
933 3265 1051 3316 vicerunt
1073 3283 1108 3314 re-

94 3363 160 3415 gem,
181 3345 261 3394 atad
279 3362 306 3394 se
325 3343 444 3409 prodiret,
464 3350 491 3394 et
508 3342 665 3392 reconciliati
683 3342 762 3392 animi
781 3351 849 3396 certa
866 3345 938 3410 signa
956 3347 1107 3397 ostenderet.

93 3431 190 3478 Decem
200 3425 302 3475 circiter
309 3423 390 3473 millia
400 3428 588 3481 veteranorum,
599 3423 693 3488 quibus
705 3425 823 3474 Craterus
843 3425 961 3491 praeiecit,
975 3427 1109 3492 stipendiis

94 3509 221 3574 donisque
231 3512 319 3555 auctos
329 3505 357 3553 in
368 3504 478 3569 patriam
487 3504 597 3564 dimisit3
615 3497 697 3554 literis
708 3505 741 3554 ad
754 3507 919 3572 Antipatrum
928 3507 1001 3564 datis,
1016 3507 1108 3572 quibus

94 3593 216 3640 honorem
234 3586 345 3637 emeritis
362 3585 457 3634 habere
467 3585 598 3651 praecepit,
612 3590 642 3634 ut
660 3585 787 3652 inprimis
808 3585 940 3636 ordinibus
958 3591 985 3636 et
996 3587 1107 3636 coronati

94 3673 169 3722 ludos
176 3674 328 3737 spectarent,
340 3673 365 3716 et
373 3667 446 3716 liberi
455 3667 645 3716 demortuorum
657 3666 684 3715 in
693 3667 818 3734 stipendia
826 3673 930 3732 paterna
937 3667 1107 3717 succederent

94 3754 187 3803 Iisdem
199 3750 279 3800 literis
290 3748 456 3814 Antipatrum
468 3765 525 3796 cum
536 3747 663 3797 tironibus
674 3749 706 3796 ad
717 3765 744 3798 se
756 3749 862 3807 vocavit,
877 3749 980 3797 Cratero
991 3747 1109 3796 inlocum

94 3836 147 3901 ejus
164 3835 278 3883 suffecto.
314 3830 462 3880 Verebatur
481 3829 555 3888 enim,
573 3845 606 3878 ne
623 3829 750 3878 discordia
767 3827 878 3895 praefecti
901 3833 927 3878 et
947 3828 1110 3895 Olympiadis

93 3914 238 3983 reipublice
251 3914 375 3964 damnum
385 3909 506 3972 inferret3
524 3907 621 3976 quippe
628 3911 719 3966 mutuo
726 3911 758 3960 ad
770 3925 857 3977 regem
868 3908 1110 3982 criminati-fuerant
