2592 4400
397 398 518 438 srsun
549 399 609 438 111.
642 398 728 438 oar.
759 399 812 439 vr.
1077 384 1110 439 15

98 555 193 614 posse.
236 535 329 606 Quem
348 536 462 616 signum
484 536 618 596 daturum
638 535 842 616 fugientibus?
869 556 955 616 quem
976 555 1113 596 ausurum
1182 545 1200 588 t

36 630 271 700 uAlexandro
285 631 459 690 succedere?
509 633 519 660 ⁰
531 632 554 691 J
554 651 600 690 am
612 639 647 690 nt
660 632 699 690 ad
711 632 932 709 Hellespontum
944 631 1015 711 iuga
1028 651 1113 709 pene·

98 731 220 800 trarent,
234 725 352 784 classem
364 730 421 805 qut
432 731 586 801 transeant,
595 745 680 805 quem
689 735 913 804 praeparaturum
921 727 958 785 i”
998 726 1113 786 Rursus

97 819 129 876 in
154 820 250 896 ipsum
273 820 384 900 Regem
405 821 600 892 misericordiis
619 826 714 897 reret,
736 821 841 880 “illum
860 822 958 882 florem
976 824 1110 899 juvente,

98 915 183 974 illam
196 915 257 974 rim
269 917 365 991 animi,
381 917 529 976 'eumdem
538 917 650 995 Regem
660 923 691 974 et
703 917 925 976 commilitonem
937 917 1038 976 divelli
1051 936 1070 973 a
1080 936 1111 975 se

97 1016 129 1066 et
143 1009 267 1088 abripi,”
281 1009 462 1070 immemores
476 1011 522 1070 sui
541 1011 740 1090 querebantur.

14 1123 93 1178 ,m
164 1109 207 1164 12.
230 1104 313 1164 Inter
334 1105 397 1166 baso
420 1105 543 1166 liberirls
555 1125 651 1164 meare
671 1105 790 1183 spiritus
804 1112 946 1182 coeperat3
969 1104 1111 1165 allevabat

97 1198 166 1258 Rex
180 1199 285 1274 oculos,
299 1207 330 1259 et
342 1200 482 1278 paulatim
495 1201 633 1260 redeunte
655 1202 759 1275 animo,
772 1201 992 1260 circumstantes
1004 1199 1111 1258 amicos

96 1302 271 1372 agnoverat:
292 1295 443 1373 laxataque
456 1295 502 1354 ris
525 1295 617 1356 morbi
631 1295 669 1355 ob
680 1294 735 1354 boo
755 1295 847 1354 solum
866 1293 1028 1368 ridebatur,
1042 1294 1112 1372 quia

96 1388 328 1467 magnitudinem
353 1389 424 1451 mali
453 1388 601 1450 sentiebat.
657 1388 816 1449 'Animum
849 1396 946 1448 sutem
970 1388 1111 1467 {egritudo

97 1483 228 1560 corporis
240 1484 380 1563 urgebat:
410 1484 516 1562 quippe
530 1482 652 1542 Darium
663 1483 765 1562 quinto
778 1483 827 1542 die
841 1483 890 1542 'in
904 1481 1038 1543 Ciliciam
1050 1483 1111 1542 fore
1156 1523 1161 1532 .
1175 1481 1198 1536 ἦ

11 1571 85 1648 ,ho
95 1578 296 1662 nunciabatur.
325 1578 495 1638 “Vinctum
506 1597 572 1658 crgo
586 1577 712 1653 setradi,
726 1584 757 1636 et
763 1584 874 1636 tantam
881 1578 1031 1637 victoriam
1038 1577 1111 1655 eripi

96 1672 155 1732 sibi
177 1692 193 1730 e
216 1674 356 1748 manibus,
379 1673 553 1751 obscureque
574 1679 606 1731 et
627 1672 748 1751 ignobili
769 1679 861 1731 morte
880 1672 911 1730 iu
930 1672 1112 1732 tabernaculo

96 1767 230 1846 extingui
244 1767 302 1842 se,'’
315 1767 494 1846 querebatur.
536 1767 737 1846 Admissisque
750 1767 851 1827 amicis
862 1766 971 1844 pariter
980 1775 1011 1826 et
1023 1767 1111 1826 medi·

96 1861 156 1921 cis:
178 1867 195 1896 “
207 1862 245 1920 In
258 1882 313 1940 quo
326 1863 400 1937 me,”
414 1862 516 1940 inquit,
542 1864 585 1898 ¹⁰“
597 1862 720 1921 articulo
739 1880 834 1922 rerum
853 1880 983 1920 mearum
995 1863 1113 1920 fortuna
1170 1927 1179 1939 ,

97 1956 325 2033 deprehenderit,
339 1957 463 2016 cernitis
493 1956 654 2040 Strepitum
664 1955 814 2016 hostilium
824 1975 966 2014 armorum
976 1954 1111 2016 exaudire
1137 1978 1145 1994 ·
1169 1979 1185 2000 ·

30 2043 170 2120 3¹⁴‘rnibi
183 2051 301 2111 videor:
322 2051 415 2129 etqui
428 2043 510 2110 ultro¹
518 2051 606 2110 intuli
619 2050 734 2123 bellum,
745 2052 808 2127 jam
819 2069 965 2127 provocor.
1005 2051 1112 2110 Darius

99 2138 177 2226 er'go,
193 2151 258 2206 cim
275 2148 293 2174 ¹¹
305 2153 364 2207 tam
378 2146 516 2225 superbas
536 2146 653 2206 litteras
666 2145 814 2217 scriberet,
834 2146 1007 2206 1¹fortunam
1019 2166 1112 2205 meam

97 2242 129 2299 in
153 2242 274 2301 consilio
294 2242 413 2317 babuit3
438 2242 489 2303 sed
511 2240 712 2320 nequidquam,
734 2241 761 2299 si
783 2241 855 2299 mihi
879 2242 900 2271 ¹⁸
908 2241 1029 2301 arbitrio
1048 2262 1112 2302 meo

97 2337 194 2414 curari
208 2336 283 2395 licet.
325 2337 418 2395 Lenta
439 2336 566 2395 remedia
579 2342 609 2394 et
622 2354 723 2415 segnes
743 2334 870 2395 medicos
889 2355 948 2395 nou
961 2343 1114 2414 expectant

97 2440 314 2509 temporanea
336 2431 395 2491 Vel
409 2431 483 2490 mori
493 2426 619 2506 strenue,
630 2433 719 2509 quarn
729 2430 814 2489 tarde
825 2431 1029 2507 convalescere,
1040 2433 1113 2491 mibi
1189 2448 1201 2476 0

27 2516 206 2597 isamelins
230 2533 283 2585 est.
325 2524 461 2601 Proinde,
485 2527 510 2585 si
532 2524 602 2605 quid
622 2526 694 2604 opis,
714 2525 740 2585 si
763 2524 834 2605 quid
853 2526 925 2585 artis
945 2525 975 2585 in
993 2527 1113 2589 medicis
1227 2576 1239 2592 ,.

99 2600 154 2697 esi,
169 2622 271 2696 sciant,
286 2622 359 2679 l‘me
382 2641 439 2680 non
462 2628 523 2679 tam
543 2621 655 2695 mortis,
668 2623 756 2699 quim
777 2621 848 2681 belli
867 2622 1026 2683 remedium
1037 2644 1112 2702 quas·

99 2716 193 2777 rere’'
234 2715 384 2794 Ingentem
395 2716 527 2776 omnibus
537 2716 694 2775 incusserat
706 2734 805 2774 curam
816 2722 878 2773 tom
890 2735 1015 2793 preceps
1027 2725 1113 2777 teme·

99 2812 173 2870 ritas
200 2812 269 2887 ejus.
312 2810 390 2889 Rrgo
416 2830 468 2887 pro
495 2829 526 2869 se
549 2809 672 2887 quisque
695 2809 807 2885 precari
830 2814 949 2887 coepere,
977 2815 1039 2869 “ne
1058 2813 1112 2871 fes·
1170 2886 1175 2894 ι

100 2905 244 2965 tinstione
267 2904 424 2982 periculum
444 2912 571 2983 augeret,
596 2904 647 2964 sed
668 2906 689 2933 ¹⁹
699 2911 776 2963 esset
794 2904 826 2961 in
838 2911 982 2981 potestate
1001 2907 1113 2965 meden-

24 3001 183 3073 ,Jmium
235 2998 388 3076 Inexperta
409 2999 534 3059 remedia
556 2998 633 3057 baud
656 2998 764 3075 injuria
789 2998 861 3075 ipsis
883 3018 946 3057 esse
971 3007 1112 3078 suspects,

100 3097 168 3155 erim
189 3092 227 3153 ad
247 3093 403 3171 perniciem
431 3096 494 3170 ejus
515 3094 604 3153 etiam
625 3113 643 3151 a
663 3092 755 3152 latere
776 3093 869 3172 ipsius
891 3096 1014 3171 perunit
1036 3096 1112 3155 solli·

101 3190 206 3247 citaret
232 3186 369 3247 hostis:'’
397 3187 544 3265 ¹⁰(quippe
569 3187 680 3247 Darius
698 3187 779 3246 mille
798 3188 912 3247 talenta
937 3188 1112 3250 interfectori

100 3282 264 3348 Alexandri
277 3282 412 3342 daturum
426 3301 456 3341 se
468 3282 652 3361 pronunciari
669 3284 820 3361 jusserat),
842 3286 859 3317 “
871 3281 968 3361 itaquo
981 3304 1017 3343 ns
1030 3303 1113 3343 ausu·

100 3398 168 3437 rum
187 3376 304 3455 quidem
322 3376 520 3455 quemquam”
541 3375 753 3436 arbitrabantur
774 3377 929 3455 “experiri
947 3378 1112 3453 remedium,
1138 3419 1143 3427 -

24 3458 179 3551 hdquod
193 3479 308 3549 propter
320 3470 478 3531 novitatem
489 3477 586 3549 posset
600 3489 662 3531 csse
676 3471 864 3548 suspectum.”

162 3566 220 3625 VI.
246 3569 288 3625 13.
311 3564 385 3624 Erat
408 3564 483 3625 inter
505 3564 616 3625 nobiles
636 3564 793 3625 medicose
813 3565 984 3627 Macedonia
1003 3567 1114 3644 Regem

103 3667 216 3720 secutus
241 3659 404 3736 Philippus,
425 3659 541 3719 natione
566 3659 711 3734 Acarnan,
736 3658 812 3717 fidus
837 3659 990 3719 admodum
1016 3660 1111 3739 Regi,

105 3758 211 3833 ¹pusro
225 3772 328 3829 comes,
349 3761 379 3813 et
403 3759 500 3813 custos
523 3752 626 3813 salutis
645 3752 738 3826 datus,
751 3771 809 3811 non
831 3762 866 3811 ut
888 3754 1000 3831 Regem
1018 3754 1113 3828 modo,

105 3850 154 3909 ssd
179 3848 269 3907 etiam
292 3854 325 3907 ut
348 3846 494 3907 alumnum
517 3846 625 3907 eximit
651 3846 792 3907 charitate
816 3846 964 3927 diligebat
1005 3847 1038 3908 Is
1056 3868 1115 3909 non
1167 3882 1197 3904 .-
