2592 4400
178 368 239 428 242
526 380 668 433 unrurr
699 380 840 423 eunrrr

179 520 290 597 tabia,
302 518 419 581 dedidit
440 538 483 595 se,
504 538 558 580 nee
579 518 739 600 quidquam
762 518 868 583 deditis
891 526 1000 597 pruter
1022 524 1211 579 oommeatm
1284 512 1285 521 ’

179 616 351 694 imperatum
373 622 429 675 est.
471 614 582 686 Quinto
604 614 673 673 bine
696 614 744 675 die
766 614 846 674 venit
869 614 907 673 ad
927 614 1053 691 flumen3
1075 616 1212 673 Arabon

180 710 284 774 iuoola
306 710 461 788 appellant.
501 710 596 790 Regio
617 708 732 769 deserta
753 716 785 769 et
808 730 945 790 squamm
970 710 1055 788 ineps
1078 710 1211 787 exeipit,

179 826 267 887 quam
292 824 425 867 emensus
451 806 483 865 iu
511 805 612 868 Oritas
638 806 752 866 transit
808 806 857 866 Ibi
884 808 1024 883 majorem
1050 806 1211 864 exereitus

180 907 294 979 partem
313 900 514 979 Hephaestioni
537 900 681 961 tradidit:
703 900 797 961 levem
818 908 992 959 armaturam
1015 920 1081 959 eum
1101 900 1213 959 Ptole·

181 997 254 1057 uredo
267 994 453 1075 leonatuque
474 995 600 1073 partitus
611 1002 665 1056 est
708 996 778 1055 Tria
791 995 878 1055 simul
899 996 1014 1074 agmina
1026 996 1212 1074 populabun-

182 1098 232 1151 tur
255 1090 355 1167 Indos,
374 1110 542 1171 magnaeque
565 1090 672 1169 prodes
695 1098 769 1151 setae
790 1098 865 1151 sunt
913 1090 1080 1151 Maritimus
1103 1090 1212 1151 Ptole·
1279 1074 1285 1087 ⁸

182 1193 415 1261 narnensem
434 1186 499 1264 ipse
521 1186 590 1246 Rex
607 1192 638 1245 et
658 1186 695 1247 ub
716 1185 775 1245 alie
794 1193 878 1264 parte
901 1186 1049 1245 Leonatus
1069 1186 1211 1247 urebant

183 1280 222 1341 In
240 1281 296 1341 tae
317 1300 429 1359 quoqne
449 1281 567 1359 regione
587 1279 690 1342 urbem
712 1280 853 1356 uendidit,
867 1280 1058 1360 ’deductique
1083 1287 1160 1341 sunt
1180 1279 1213 1337 in

183 1375 423 1438 eumAraehesii.
463 1375 545 1435 Hine
557 1374 691 1453 pervenit
713 1375 751 1435 ed
771 1376 933 1436 maritimus
957 1374 1056 1436 Indus
1100 1375 1213 1435 Deser-

183 1476 245 1529 tum
257 1476 425 1548 vastamque
445 1469 592 1548 mgiouem
612 1469 672 1529 late
686 1476 795 1545 tenent,
809 1490 842 1529 ae
855 1490 892 1529 ne
905 1490 971 1530 eum
992 1469 1130 1529 finitimis
1145 1468 1213 1549 qni·

183 1564 251 1625 dem
269 1564 329 1624 ullo
351 1564 514 1625 eemmereii
541 1567 609 1643 jure
630 1564 795 1626 miseentur.
847 1565 919 1644 Ipse
944 1565 1069 1625 solitudo
1097 1570 1212 1625 naturt

182 1678 295 1740 queque
317 1659 441 1721 immitia
463 1660 594 1721 efferavit
618 1660 742 1740 ingenia.
797 1661 969 1721 Prominent
994 1680 1105 1741 ungues
1131 1681 1212 1721 nun·

91 1744 101 1762 ⁸
183 1770 269 1835 quatu
281 1756 373 1821 reiut
416 1754 514 1817 Ourna
537 1755 668 1831 birsutae,
682 1764 712 1815 et
732 1756 854 1817 intensee
878 1764 953 1817 sunt.
996 1756 1127 1836 Tuguria
1141 1776 1211 1817 een·

184 1851 247 1911 elris
258 1859 292 1911 et
302 1851 415 1913 tuteris
436 1851 632 1930 purgamentis
646 1851 745 1911 muris
758 1852 915 1913 instruunt
967 1852 1108 1911 Ferarum
1121 1853 1211 1931 pelli·

184 1946 239 2010 tm
252 1948 332 2023 teeti,
346 1947 474 2025 piseibus
486 1945 548 2007 sole
560 1947 684 2023 duratis,
698 1954 729 2005 et
748 1949 891 2025 majorum
904 1966 1018 2027 quoque
1030 1947 1208 2023 belluarum,
1284 1952 1285 2005 l

183 2062 256 2123 quas
275 2043 379 2103 fluetus
401 2042 489 2119 ejieit,
513 2061 600 2102 earne
621 2050 783 2103 vescuntur.
826 2042 1013 2121 Consumptis
1036 2043 1130 2123 igitur
1153 2044 1210 2103 ali·

185 2140 299 2214 ruentis,
314 2137 487 2200 Maeedones
507 2137 600 2217 prime
614 2137 751 2217 inopiam,
765 2138 870 2198 deinde
886 2138 923 2198 ad
944 2138 1082 2198 ultimum
1095 2140 1208 2200 famem

185 2234 294 2294 sentire
317 2241 474 2312 eoeperuut,
497 2233 610 2294 radiees
631 2234 793 2312 pulmarum
815 2234 949 2314 (namque
970 2233 1032 2294 sola
1058 2254 1093 2294 ea
1120 2237 1210 2298 arbor

184 2329 328 2408 gignitur)
350 2328 457 2407 ubique
481 2329 647 2389 ‘rimantes
690 2329 748 2390 Sed
769 2331 835 2388 erim
856 2329 918 2390 haeo
932 2349 1045 2410 quoque
1066 2329 1210 2390 uliments
1283 2380 1284 2398 ,

186 2423 360 2499 deleuerant,
370 2425 503 2500 jumenta
524 2423 634 2484 tardere
655 2425 790 2504 aggressi,
804 2443 842 2482 ue
855 2425 937 2504 equis
950 2425 1066 2504 quidem
1080 2426 1209 2486 abstine·
1283 2486 1284 2497 ,

186 2518 275 2582 tant:
296 2524 327 2577 et
348 2520 417 2576 edm
430 2517 564 2577 deessent
576 2539 641 2597 quae
664 2520 791 2580 sarcinas
810 2520 956 2595 veherent,
972 2520 1065 2598 spolia
1085 2520 1121 2580 de
1141 2523 1208 2580 hos·

185 2613 264 2676 tibus
286 2620 404 2692 propter
426 2632 492 2693 qum
512 2612 617 2673 ultima
630 2612 764 2676 Orientis
786 2623 1019 2696 peragraverunt,
1040 2617 1209 2678 eremabant
1279 2647 1283 2656 ·

185 2708 325 2770 ineendio.
975 2707 980 2717 “

248 2808 295 2867 34,
316 2805 436 2866 Famem
457 2804 562 2864 deinde
585 2805 751 2883 pestilentia
771 2812 869 2866 secuta
889 2811 951 2882 est3
972 2803 1077 2884 quippe
1096 2806 1205 2866 insulu-

186 2901 284 2962 brium
303 2902 432 2962 ciberum
453 2900 521 2960 novi
542 2901 630 2975 sueei,
644 2899 682 2958 ad
706 2899 760 2959 boe
773 2900 884 2959 itineris
907 2901 997 2975 leber,
1010 2907 1041 2958 et
1061 2902 1205 2982 aegritudo

187 2997 285 3072 animi,
308 2997 496 3076 vulgaverant
518 2997 659 3072 morbos,
681 3003 720 3071 et,
742 3015 794 3054 nee
817 3013 932 3054 manere
955 2995 1018 3055 sine
1040 2996 1133 3072 elade,
1154 3016 1206 3056 nee

187 3089 325 3169 progredi
347 3099 489 3168 poterant
539 3091 693 3150 Manentes
717 3091 817 3166 fames,
838 3109 1005 3170 progressos
1028 3092 1124 3152 aerior
1144 3111 1205 3170 pes·
1281 3143 1282 3172 ,

189 3185 304 3244 tilentia
332 3186 462 3264 urgebat
517 3186 597 3266 Ergd
624 3186 712 3246 strati
744 3192 827 3246 erant
853 3185 946 3263 eampi
972 3188 1044 3263 pene
1070 3187 1206 3264 pluribus
1281 3175 1282 3204 ¹

187 3278 345 3355 semivivis,
357 3282 445 3358 qudm
456 3281 653 3342 cadaveribus
694 3282 741 3342 Ae
754 3301 791 3340 ne
804 3282 897 3341 levius
907 3281 1024 3362 quidem
1036 3283 1110 3361 aegri
1125 3283 1205 3362 sequi
1279 3323 1281 3334 «

96 3454 99 3459 y
190 3382 346 3455 poteraut:
365 3377 471 3454 qnippe
494 3396 596 3454 agmen
619 3379 728 3456 raptim
750 3378 898 3456 agebatur,
923 3378 1056 3434 ‘tantum
1081 3378 1206 3458 singulis

189 3471 227 3530 ad
250 3487 331 3549 spem
342 3471 444 3530 salutis
467 3470 546 3547 ipses
569 3472 705 3549 profitere
725 3471 919 3547 credentibus,
934 3477 1072 3551 qnantum
1092 3472 1205 3532 itineris

188 3566 351 3628 festinando
364 3566 560 3644 praeriperent
602 3565 700 3644 Igitur
723 3567 773 3646 qui
795 3568 966 3641 defeeernnt,
980 3573 1064 3626 notos
1078 3566 1204 3646 ignotos·
1279 3607 1280 3634 2

188 3681 243 3741 que
264 3668 299 3722 ut
319 3662 520 3735 allevarentur,
534 3661 661 3727 orabant
704 3661 762 3722 Sed
774 3683 826 3722 nee
842 3665 974 3741 jumenta
992 3669 1084 3737 erant,
1098 3663 1204 3741 quibus

189 3756 284 3833 excipi
306 3763 432 3833 possent,
454 3765 485 3814 et
503 3756 587 3815 miles
613 3757 664 3816 vix
688 3777 768 3818 eume
789 3757 932 3835 pertubat,
954 3756 1204 3838 ‘imminentisque

189 3852 275 3908 etium
289 3851 361 3926 ipsis
382 3853 471 3911 faeiee
492 3852 561 3911 mali
585 3859 653 3911 aute
667 3852 764 3912 oeulos
786 3859 855 3913 erat
898 3851 979 3932 Ilrgd
992 3851 1103 3930 saepius
1124 3873 1203 3915 revu-
