<?xml version="1.0" encoding="UTF-8"?>
<!DOCTYPE html PUBLIC "-//W3C//DTD XHTML 1.0 Transitional//EN"
    "http://www.w3.org/TR/xhtml1/DTD/xhtml1-transitional.dtd">
<html xmlns="http://www.w3.org/1999/xhtml" xml:lang="en" lang="en">
 <head>
  <title>
</title>
<meta http-equiv="Content-Type" content="text/html;charset=utf-8" />
  <meta name='ocr-system' content='tesseract 3.04.00' />
  <meta name='ocr-capabilities' content='ocr_page ocr_carea ocr_par ocr_line ocrx_word'/>
</head>
<body>
  <div class='ocr_page' id='page_1' title='image "./quintuscurtiusr00crosgoog_0082.png"; bbox 0 0 2592 4400; ppageno 0'>
   <div class='ocr_carea' id='block_1_1' title="bbox 361 383 1087 442">
    <p class='ocr_par' dir='ltr' id='par_1_1' title="bbox 361 383 1087 442">
     <span class='ocr_line' id='line_1_1' title="bbox 361 383 1087 442; baseline 0.001 -3"><span class='ocrx_word' id='word_1_1' title='bbox 361 397 485 441; x_wconf 74' lang='lat' dir='ltr'><strong>mser</strong></span> <span class='ocrx_word' id='word_1_2' title='bbox 511 398 564 441; x_wconf 80' lang='grc' dir='ltr'><strong>ιν.</strong></span> <span class='ocrx_word' id='word_1_3' title='bbox 593 398 679 440; x_wconf 79' lang='lat' dir='ltr'><strong>cnr.</strong></span> <span class='ocrx_word' id='word_1_4' title='bbox 706 398 798 442; x_wconf 82' lang='lat'>1111.</span> <span class='ocrx_word' id='word_1_5' title='bbox 1043 383 1087 440; x_wconf 72' lang='grc'><strong>69</strong></span> 
     </span>
    </p>
   </div>
   <div class='ocr_carea' id='block_1_2' title="bbox 37 533 1274 3473">
    <p class='ocr_par' dir='ltr' id='par_1_2' title="bbox 69 533 1087 616">
     <span class='ocr_line' id='line_1_2' title="bbox 69 533 1087 616; baseline 0.002 -22"><span class='ocrx_word' id='word_1_6' title='bbox 69 534 220 615; x_wconf 74' lang='lat' dir='ltr'>Meleagri</span> <span class='ocrx_word' id='word_1_7' title='bbox 247 533 295 594; x_wconf 84' lang='lat' dir='ltr'><strong>alu</strong></span> <span class='ocrx_word' id='word_1_8' title='bbox 321 533 424 611; x_wconf 84' lang='lat' dir='ltr'><strong>stabat,</strong></span> <span class='ocrx_word' id='word_1_9' title='bbox 448 555 534 616; x_wconf 89' lang='lat' dir='ltr'><strong>quam</strong></span> <span class='ocrx_word' id='word_1_10' title='bbox 559 535 686 615; x_wconf 85' lang='lat' dir='ltr'><strong>phalanx</strong></span> <span class='ocrx_word' id='word_1_11' title='bbox 712 537 901 616; x_wconf 70' lang='lat' dir='ltr'>sequebatur:</span> <span class='ocrx_word' id='word_1_12' title='bbox 931 544 999 616; x_wconf 89' lang='lat' dir='ltr'><strong>post</strong></span> <span class='ocrx_word' id='word_1_13' title='bbox 1018 533 1087 616; x_wconf 78' lang='lat' dir='ltr'><strong>pha·</strong></span> 
     </span>
    </p>

    <p class='ocr_par' dir='ltr' id='par_1_3' title="bbox 68 628 1088 708">
     <span class='ocr_line' id='line_1_3' title="bbox 68 628 1088 708; baseline 0.002 -20"><span class='ocrx_word' id='word_1_14' title='bbox 68 628 190 708; x_wconf 84' lang='lat' dir='ltr'><strong>lungem</strong></span> <span class='ocrx_word' id='word_1_15' title='bbox 214 629 426 708; x_wconf 80' lang='lat' dir='ltr'><strong>Argyraspides</strong></span> <span class='ocrx_word' id='word_1_16' title='bbox 450 638 548 706; x_wconf 78' lang='lat' dir='ltr'><strong>erunt3</strong></span> <span class='ocrx_word' id='word_1_17' title='bbox 569 631 616 690; x_wconf 90' lang='lat' dir='ltr'><strong>his</strong></span> <span class='ocrx_word' id='word_1_18' title='bbox 644 631 772 692; x_wconf 87' lang='lat' dir='ltr'><strong>Nicanor</strong></span> <span class='ocrx_word' id='word_1_19' title='bbox 792 632 992 692; x_wconf 79' lang='lat' dir='ltr'><strong>Pamenionia</strong></span> <span class='ocrx_word' id='word_1_20' title='bbox 1010 632 1088 690; x_wconf 85' lang='lat' dir='ltr'><strong>filius</strong></span> 
     </span>
    </p>

    <p class='ocr_par' dir='ltr' id='par_1_4' title="bbox 68 725 1167 802">
     <span class='ocr_line' id='line_1_4' title="bbox 68 725 1167 802; baseline 0.003 -20"><span class='ocrx_word' id='word_1_21' title='bbox 68 731 216 802; x_wconf 85' lang='lat' dir='ltr'><strong>praeerat:</strong></span> <span class='ocrx_word' id='word_1_22' title='bbox 237 725 268 782; x_wconf 94' lang='lat' dir='ltr'><strong>in</strong></span> <span class='ocrx_word' id='word_1_23' title='bbox 281 725 417 786; x_wconf 88' lang='lat' dir='ltr'><strong>subsidiis</strong></span> <span class='ocrx_word' id='word_1_24' title='bbox 438 745 502 784; x_wconf 91' lang='lat' dir='ltr'><strong>cum</strong></span> <span class='ocrx_word' id='word_1_25' title='bbox 521 746 607 785; x_wconf 89' lang='lat' dir='ltr'><strong>manu</strong></span> <span class='ocrx_word' id='word_1_26' title='bbox 620 732 674 785; x_wconf 72' lang='lat' dir='ltr'><strong>aut</strong></span> <span class='ocrx_word' id='word_1_27' title='bbox 688 726 798 788; x_wconf 72' lang='lat' dir='ltr'><strong>(ioenos.</strong></span> <span class='ocrx_word' id='word_1_28' title='bbox 840 728 987 787; x_wconf 88' lang='lat' dir='ltr'><strong>Postcum</strong></span> <span class='ocrx_word' id='word_1_29' title='bbox 1003 727 1094 795; x_wconf 71' lang='lat' dir='ltr'><strong>Ores,</strong></span> <span class='ocrx_word' id='word_1_30' title='bbox 1137 734 1167 785; x_wconf 71' lang='grc' dir='ltr'>ἰ</span> 
     </span>
    </p>

    <p class='ocr_par' dir='ltr' id='par_1_5' title="bbox 69 819 1274 1088">
     <span class='ocr_line' id='line_1_5' title="bbox 69 819 1274 902; baseline 0.001 -26"><span class='ocrx_word' id='word_1_31' title='bbox 69 825 129 892; x_wconf 89' lang='lat' dir='ltr'><strong>tes,</strong></span> <span class='ocrx_word' id='word_1_32' title='bbox 159 819 382 898; x_wconf 82' lang='lat' dir='ltr'><strong>Lyncestaeque.</strong></span> <span class='ocrx_word' id='word_1_33' title='bbox 438 821 511 880; x_wconf 89' lang='lat' dir='ltr'><strong>Post</strong></span> <span class='ocrx_word' id='word_1_34' title='bbox 538 821 603 879; x_wconf 90' lang='lat' dir='ltr'><strong>illos</strong></span> <span class='ocrx_word' id='word_1_35' title='bbox 630 821 832 899; x_wconf 81' lang='lat' dir='ltr'><strong>Polysperoon,</strong></span> <span class='ocrx_word' id='word_1_36' title='bbox 860 823 921 880; x_wconf 83' lang='lat' dir='ltr'><strong>dux</strong></span> <span class='ocrx_word' id='word_1_37' title='bbox 945 821 1089 902; x_wconf 77' lang='lat' dir='ltr'><strong>peregrini</strong></span> <span class='ocrx_word' id='word_1_38' title='bbox 1245 891 1274 900; x_wconf 31' lang='lat' dir='ltr'><em>A</em></span> 
     </span>
     <span class='ocr_line' id='line_1_6' title="bbox 70 895 1228 993; baseline 0 -21"><span class='ocrx_word' id='word_1_39' title='bbox 70 913 188 972; x_wconf 67' lang='lat' dir='ltr'><strong>milen.</strong></span> <span class='ocrx_word' id='word_1_40' title='bbox 230 913 330 990; x_wconf 61' lang='lat' dir='ltr'><strong>napus</strong></span> <span class='ocrx_word' id='word_1_41' title='bbox 352 915 473 993; x_wconf 68' lang='lat' dir='ltr'><strong>agmins</strong></span> <span class='ocrx_word' id='word_1_42' title='bbox 487 914 660 992; x_wconf 55' lang='lat' dir='ltr'><strong>*snmynus</strong></span> <span class='ocrx_word' id='word_1_43' title='bbox 681 916 812 993; x_wconf 75' lang='lat' dir='ltr'><strong>princeps</strong></span> <span class='ocrx_word' id='word_1_44' title='bbox 831 923 909 975; x_wconf 67' lang='lat' dir='ltr'><strong>erac:</strong></span> <span class='ocrx_word' id='word_1_45' title='bbox 936 895 1228 993; x_wconf 66' lang='lat' dir='ltr'><strong>Philipp11ss³01</strong></span> 
     </span>
     <span class='ocr_line' id='line_1_7' title="bbox 70 1007 1090 1088; baseline 0.002 -22"><span class='ocrx_word' id='word_1_46' title='bbox 70 1007 193 1068; x_wconf 79' lang='lat' dir='ltr'><strong>Balacri</strong></span> <span class='ocrx_word' id='word_1_47' title='bbox 216 1009 361 1088; x_wconf 76' lang='lat' dir='ltr'><strong>”regebat</strong></span> <span class='ocrx_word' id='word_1_48' title='bbox 384 1029 441 1084; x_wconf 91' lang='lat' dir='ltr'><strong>eos,</strong></span> <span class='ocrx_word' id='word_1_49' title='bbox 468 1009 530 1067; x_wconf 70' lang='lat' dir='ltr'><strong>“in</strong></span> <span class='ocrx_word' id='word_1_50' title='bbox 555 1009 720 1070; x_wconf 83' lang='lat' dir='ltr'><strong>societatem</strong></span> <span class='ocrx_word' id='word_1_51' title='bbox 746 1029 837 1087; x_wconf 81' lang='lat' dir='ltr'>nuper</span> <span class='ocrx_word' id='word_1_52' title='bbox 859 1011 974 1070; x_wconf 82' lang='lat' dir='ltr'><strong>ascitus</strong></span> <span class='ocrx_word' id='word_1_53' title='bbox 1016 1010 1090 1068; x_wconf 84' lang='lat' dir='ltr'><strong>Haeo</strong></span> 
     </span>
    </p>

    <p class='ocr_par' dir='ltr' id='par_1_6' title="bbox 71 1103 1090 1183">
     <span class='ocr_line' id='line_1_8' title="bbox 71 1103 1090 1183; baseline 0.001 -22"><span class='ocrx_word' id='word_1_54' title='bbox 71 1103 173 1162; x_wconf 81' lang='lat' dir='ltr'><strong>dextri</strong></span> <span class='ocrx_word' id='word_1_55' title='bbox 194 1122 283 1164; x_wconf 86' lang='lat' dir='ltr'><strong>cornu</strong></span> <span class='ocrx_word' id='word_1_56' title='bbox 303 1105 392 1164; x_wconf 84' lang='lat' dir='ltr'><strong>facias</strong></span> <span class='ocrx_word' id='word_1_57' title='bbox 413 1111 483 1165; x_wconf 87' lang='lat' dir='ltr'><strong>erat.</strong></span> <span class='ocrx_word' id='word_1_58' title='bbox 526 1104 564 1163; x_wconf 90' lang='lat' dir='ltr'><strong>In</strong></span> <span class='ocrx_word' id='word_1_59' title='bbox 584 1105 658 1164; x_wconf 82' lang='lat' dir='ltr'><strong>laevo</strong></span> <span class='ocrx_word' id='word_1_60' title='bbox 672 1103 810 1166; x_wconf 75' lang='lat' dir='ltr'><strong>Craterus</strong></span> <span class='ocrx_word' id='word_1_61' title='bbox 831 1105 1090 1183; x_wconf 76' lang='lat' dir='ltr'><strong>Peloponnensium</strong></span> 
     </span>
    </p>

    <p class='ocr_par' dir='ltr' id='par_1_7' title="bbox 71 1199 1091 1279">
     <span class='ocr_line' id='line_1_9' title="bbox 71 1199 1091 1279; baseline 0 -23"><span class='ocrx_word' id='word_1_62' title='bbox 71 1199 188 1276; x_wconf 75' lang='lat' dir='ltr'>equites</span> <span class='ocrx_word' id='word_1_63' title='bbox 201 1199 331 1275; x_wconf 81' lang='lat' dir='ltr'><strong>habebat,</strong></span> <span class='ocrx_word' id='word_1_64' title='bbox 346 1200 581 1279; x_wconf 85' lang='lat' dir='ltr'><strong>thaeorumque,</strong></span> <span class='ocrx_word' id='word_1_65' title='bbox 596 1207 626 1258; x_wconf 89' lang='lat' dir='ltr'><strong>et</strong></span> <span class='ocrx_word' id='word_1_66' title='bbox 640 1200 827 1260; x_wconf 73' lang='lat' dir='ltr'><strong>Locrensium</strong></span> <span class='ocrx_word' id='word_1_67' title='bbox 841 1209 871 1259; x_wconf 89' lang='lat' dir='ltr'><strong>et</strong></span> <span class='ocrx_word' id='word_1_68' title='bbox 892 1201 1017 1275; x_wconf 71' lang='lat' dir='ltr'><strong>Meleon,</strong></span> <span class='ocrx_word' id='word_1_69' title='bbox 1031 1207 1091 1257; x_wconf 89' lang='lat' dir='ltr'><strong>tur-</strong></span> 
     </span>
    </p>

    <p class='ocr_par' dir='ltr' id='par_1_8' title="bbox 70 1286 1119 1375">
     <span class='ocr_line' id='line_1_10' title="bbox 70 1286 1119 1375; baseline 0 -21"><span class='ocrx_word' id='word_1_70' title='bbox 70 1295 133 1354; x_wconf 84' lang='lat' dir='ltr'><strong>mis</strong></span> <span class='ocrx_word' id='word_1_71' title='bbox 147 1294 203 1354; x_wconf 85' lang='lat' dir='ltr'><strong>sibi</strong></span> <span class='ocrx_word' id='word_1_72' title='bbox 226 1295 388 1371; x_wconf 73' lang='lat' dir='ltr'><strong>adjunctis,</strong></span> <span class='ocrx_word' id='word_1_73' title='bbox 409 1295 462 1356; x_wconf 88' lang='lat' dir='ltr'><strong>hos</strong></span> <span class='ocrx_word' id='word_1_74' title='bbox 476 1296 607 1355; x_wconf 77' lang='lat' dir='ltr'><strong>Thessali</strong></span> <span class='ocrx_word' id='word_1_75' title='bbox 627 1296 738 1375; x_wconf 83' lang='lat' dir='ltr'><strong>equites</strong></span> <span class='ocrx_word' id='word_1_76' title='bbox 757 1296 938 1370; x_wconf 86' lang='lat' dir='ltr'><strong>claudebant,</strong></span> <span class='ocrx_word' id='word_1_77' title='bbox 952 1295 1091 1373; x_wconf 87' lang='lat' dir='ltr'><strong>Philippo</strong></span> <span class='ocrx_word' id='word_1_78' title='bbox 1106 1286 1119 1338; x_wconf 63' lang='lat'><em>3</em></span> 
     </span>
    </p>

    <p class='ocr_par' dir='ltr' id='par_1_9' title="bbox 70 1377 1226 1565">
     <span class='ocr_line' id='line_1_11' title="bbox 71 1377 1226 1471; baseline 0.002 -23"><span class='ocrx_word' id='word_1_79' title='bbox 71 1390 160 1449; x_wconf 87' lang='lat' dir='ltr'><strong>duce.</strong></span> <span class='ocrx_word' id='word_1_80' title='bbox 203 1389 340 1449; x_wconf 80' lang='lat' dir='ltr'><strong>Peditum</strong></span> <span class='ocrx_word' id='word_1_81' title='bbox 363 1391 439 1449; x_wconf 82' lang='lat' dir='ltr'><strong>scies</strong></span> <span class='ocrx_word' id='word_1_82' title='bbox 462 1393 593 1470; x_wconf 85' lang='lat' dir='ltr'><strong>equitatu</strong></span> <span class='ocrx_word' id='word_1_83' title='bbox 616 1392 769 1471; x_wconf 77' lang='lat' dir='ltr'><strong>tegebatur</strong></span> <span class='ocrx_word' id='word_1_84' title='bbox 779 1377 793 1452; x_wconf 63' lang='grc' dir='ltr'><strong>ι’</strong></span> <span class='ocrx_word' id='word_1_85' title='bbox 807 1393 888 1451; x_wconf 80' lang='lat' dir='ltr'><strong>frons</strong></span> <span class='ocrx_word' id='word_1_86' title='bbox 914 1391 980 1451; x_wconf 84' lang='lat' dir='ltr'><strong>laevi</strong></span> <span class='ocrx_word' id='word_1_87' title='bbox 1003 1393 1125 1450; x_wconf 73' lang='lat' dir='ltr'><strong>cornu!</strong></span> <span class='ocrx_word' id='word_1_88' title='bbox 1140 1383 1194 1434; x_wconf 65' lang='lat'><strong>³²</strong></span> <span class='ocrx_word' id='word_1_89' title='bbox 1204 1383 1226 1426; x_wconf 75' lang='lat'><strong><em>⁰</em></strong></span> 
     </span>
     <span class='ocr_line' id='line_1_12' title="bbox 70 1485 1091 1565; baseline 0.002 -23"><span class='ocrx_word' id='word_1_90' title='bbox 70 1485 140 1562; x_wconf 70' lang='lat' dir='ltr'><strong>hare</strong></span> <span class='ocrx_word' id='word_1_91' title='bbox 154 1492 223 1544; x_wconf 88' lang='lat' dir='ltr'><strong>erat.</strong></span> <span class='ocrx_word' id='word_1_92' title='bbox 266 1485 328 1546; x_wconf 82' lang='lat' dir='ltr'><strong>Sed</strong></span> <span class='ocrx_word' id='word_1_93' title='bbox 342 1491 385 1544; x_wconf 80' lang='lat' dir='ltr'><strong>ne&#39;</strong></span> <span class='ocrx_word' id='word_1_94' title='bbox 400 1486 546 1546; x_wconf 80' lang='lat' dir='ltr'><strong>circumiri</strong></span> <span class='ocrx_word' id='word_1_95' title='bbox 566 1494 663 1565; x_wconf 83' lang='lat' dir='ltr'><strong>posset</strong></span> <span class='ocrx_word' id='word_1_96' title='bbox 682 1507 701 1546; x_wconf 85' lang='lat' dir='ltr'><strong>a</strong></span> <span class='ocrx_word' id='word_1_97' title='bbox 718 1487 914 1562; x_wconf 84' lang='lat' dir='ltr'><strong>multitudine,</strong></span> <span class='ocrx_word' id='word_1_98' title='bbox 928 1488 948 1517; x_wconf 74' lang='lat'><strong>²⁵</strong></span> <span class='ocrx_word' id='word_1_99' title='bbox 957 1487 1091 1545; x_wconf 87' lang='lat' dir='ltr'><strong>ultimum</strong></span> 
     </span>
    </p>

    <p class='ocr_par' dir='ltr' id='par_1_10' title="bbox 72 1580 1091 1662">
     <span class='ocr_line' id='line_1_13' title="bbox 72 1580 1091 1662; baseline 0.004 -25"><span class='ocrx_word' id='word_1_100' title='bbox 72 1599 180 1659; x_wconf 78' lang='lat' dir='ltr'><strong>ugmm</strong></span> <span class='ocrx_word' id='word_1_101' title='bbox 193 1580 289 1640; x_wconf 70' lang='lat' dir='ltr'><strong>velidi</strong></span> <span class='ocrx_word' id='word_1_102' title='bbox 303 1601 388 1640; x_wconf 86' lang='lat' dir='ltr'><strong>manu</strong></span> <span class='ocrx_word' id='word_1_103' title='bbox 402 1581 539 1641; x_wconf 81' lang='lat' dir='ltr'><strong>cinxerat.</strong></span> <span class='ocrx_word' id='word_1_104' title='bbox 582 1581 698 1642; x_wconf 77' lang='lat' dir='ltr'><strong>Cornua</strong></span> <span class='ocrx_word' id='word_1_105' title='bbox 716 1602 829 1662; x_wconf 89' lang='lat' dir='ltr'><strong>quoque</strong></span> <span class='ocrx_word' id='word_1_106' title='bbox 850 1582 988 1643; x_wconf 87' lang='lat' dir='ltr'><strong>subsidiis</strong></span> <span class='ocrx_word' id='word_1_107' title='bbox 1000 1583 1091 1641; x_wconf 75' lang='lat' dir='ltr'><strong>firma</strong></span> 
     </span>
    </p>

    <p class='ocr_par' dir='ltr' id='par_1_11' title="bbox 37 1676 1129 1852">
     <span class='ocr_line' id='line_1_14' title="bbox 37 1676 1091 1755; baseline 0.002 -21"><span class='ocrx_word' id='word_1_108' title='bbox 37 1731 39 1734; x_wconf 86' lang='lat'>.</span> <span class='ocrx_word' id='word_1_109' title='bbox 72 1676 141 1736; x_wconf 88' lang='lat' dir='ltr'><strong>vit:</strong></span> <span class='ocrx_word' id='word_1_110' title='bbox 162 1695 218 1734; x_wconf 89' lang='lat' dir='ltr'><strong>non</strong></span> <span class='ocrx_word' id='word_1_111' title='bbox 241 1681 320 1735; x_wconf 69' lang='lat' dir='ltr'><strong>recti</strong></span> <span class='ocrx_word' id='word_1_112' title='bbox 343 1677 447 1752; x_wconf 78' lang='lat' dir='ltr'><strong>fronte,</strong></span> <span class='ocrx_word' id='word_1_113' title='bbox 471 1677 522 1736; x_wconf 89' lang='lat' dir='ltr'><strong>sed</strong></span> <span class='ocrx_word' id='word_1_114' title='bbox 544 1697 562 1735; x_wconf 90' lang='lat' dir='ltr'><strong>a</strong></span> <span class='ocrx_word' id='word_1_115' title='bbox 582 1677 673 1736; x_wconf 86' lang='lat' dir='ltr'><strong>latere</strong></span> <span class='ocrx_word' id='word_1_116' title='bbox 695 1679 805 1755; x_wconf 87' lang='lat' dir='ltr'><strong>positis,</strong></span> <span class='ocrx_word' id='word_1_117' title='bbox 818 1685 862 1753; x_wconf 87' lang='lat' dir='ltr'><strong>ut,</strong></span> <span class='ocrx_word' id='word_1_118' title='bbox 883 1678 909 1736; x_wconf 89' lang='lat' dir='ltr'><strong>si</strong></span> <span class='ocrx_word' id='word_1_119' title='bbox 927 1677 1019 1736; x_wconf 81' lang='lat' dir='ltr'><strong>hostis</strong></span> <span class='ocrx_word' id='word_1_120' title='bbox 1038 1679 1091 1736; x_wconf 90' lang='lat' dir='ltr'><strong>oir-</strong></span> 
     </span>
     <span class='ocr_line' id='line_1_15' title="bbox 73 1762 1129 1852; baseline 0 -22"><span class='ocrx_word' id='word_1_121' title='bbox 73 1771 241 1834; x_wconf 86' lang='lat' dir='ltr'><strong>oumveniro</strong></span> <span class='ocrx_word' id='word_1_122' title='bbox 255 1771 345 1831; x_wconf 89' lang='lat' dir='ltr'><strong>aciem</strong></span> <span class='ocrx_word' id='word_1_123' title='bbox 357 1777 507 1846; x_wconf 75' lang='lat' dir='ltr'><strong>tentisset‚</strong></span> <span class='ocrx_word' id='word_1_124' title='bbox 518 1780 620 1850; x_wconf 85' lang='lat' dir='ltr'><strong>parata</strong></span> <span class='ocrx_word' id='word_1_125' title='bbox 632 1793 738 1852; x_wconf 80' lang='lat' dir='ltr'><strong>pugnes</strong></span> <span class='ocrx_word' id='word_1_126' title='bbox 749 1774 851 1834; x_wconf 83' lang='lat' dir='ltr'><strong>forent</strong></span> <span class='ocrx_word' id='word_1_127' title='bbox 875 1789 879 1821; x_wconf 79' lang='lat'>1</span> <span class='ocrx_word' id='word_1_128' title='bbox 893 1773 955 1831; x_wconf 85' lang='lat' dir='ltr'><strong>Hic</strong></span> <span class='ocrx_word' id='word_1_129' title='bbox 968 1762 1092 1852; x_wconf 79' lang='lat' dir='ltr'><strong>Agriani</strong></span> <span class='ocrx_word' id='word_1_130' title='bbox 1118 1765 1129 1783; x_wconf 71' lang='lat'>⁸</span> 
     </span>
    </p>

    <p class='ocr_par' dir='ltr' id='par_1_12' title="bbox 73 1848 1270 2038">
     <span class='ocr_line' id='line_1_16' title="bbox 73 1848 1270 1947; baseline -0.004 -21"><span class='ocrx_word' id='word_1_131' title='bbox 73 1874 169 1944; x_wconf 84' lang='lat' dir='ltr'><strong>erant,</strong></span> <span class='ocrx_word' id='word_1_132' title='bbox 189 1868 295 1946; x_wconf 88' lang='lat' dir='ltr'><strong>quibus</strong></span> <span class='ocrx_word' id='word_1_133' title='bbox 314 1868 436 1927; x_wconf 88' lang='lat' dir='ltr'><strong>Attalus</strong></span> <span class='ocrx_word' id='word_1_134' title='bbox 456 1877 589 1946; x_wconf 83' lang='lat' dir='ltr'><strong>praeerut,</strong></span> <span class='ocrx_word' id='word_1_135' title='bbox 610 1869 755 1945; x_wconf 81' lang='lat' dir='ltr'><strong>adjunctis</strong></span> <span class='ocrx_word' id='word_1_136' title='bbox 777 1864 935 1947; x_wconf 78' lang='lat' dir='ltr'><strong>sagittariis</strong></span> <span class='ocrx_word' id='word_1_137' title='bbox 949 1867 1093 1928; x_wconf 51' lang='lat' dir='ltr'><strong>Cretensi-⁴</strong></span> <span class='ocrx_word' id='word_1_138' title='bbox 1109 1855 1131 1921; x_wconf 74' lang='lat' dir='ltr'><em>l</em></span> <span class='ocrx_word' id='word_1_139' title='bbox 1148 1850 1170 1905; x_wconf 71' lang='lat'>3</span> <span class='ocrx_word' id='word_1_140' title='bbox 1186 1848 1270 1898; x_wconf 38' lang='lat' dir='ltr'><strong>ss*</strong></span> 
     </span>
     <span class='ocr_line' id='line_1_17' title="bbox 73 1963 1092 2038; baseline -0.002 -13"><span class='ocrx_word' id='word_1_141' title='bbox 73 1965 141 2025; x_wconf 87' lang='lat' dir='ltr'><strong>bus.</strong></span> <span class='ocrx_word' id='word_1_142' title='bbox 182 1965 201 1992; x_wconf 74' lang='lat'><strong>²⁶</strong></span> <span class='ocrx_word' id='word_1_143' title='bbox 212 1964 338 2024; x_wconf 80' lang='lat' dir='ltr'><strong>Ultimos</strong></span> <span class='ocrx_word' id='word_1_144' title='bbox 360 1964 473 2022; x_wconf 87' lang='lat' dir='ltr'><strong>ordinas</strong></span> <span class='ocrx_word' id='word_1_145' title='bbox 493 1965 599 2024; x_wconf 87' lang='lat' dir='ltr'><strong>avertit</strong></span> <span class='ocrx_word' id='word_1_146' title='bbox 613 1983 630 2022; x_wconf 86' lang='lat' dir='ltr'><strong>a</strong></span> <span class='ocrx_word' id='word_1_147' title='bbox 642 1965 746 2038; x_wconf 76' lang='lat' dir='ltr'><strong>fronte,</strong></span> <span class='ocrx_word' id='word_1_148' title='bbox 760 1971 795 2022; x_wconf 93' lang='lat' dir='ltr'><strong>ut</strong></span> <span class='ocrx_word' id='word_1_149' title='bbox 808 1970 900 2022; x_wconf 85' lang='lat' dir='ltr'><strong>toturn</strong></span> <span class='ocrx_word' id='word_1_150' title='bbox 919 1964 1009 2022; x_wconf 83' lang='lat' dir='ltr'><strong>aciem</strong></span> <span class='ocrx_word' id='word_1_151' title='bbox 1022 1963 1092 2023; x_wconf 90' lang='lat' dir='ltr'><strong>orbe</strong></span> 
     </span>
    </p>

    <p class='ocr_par' dir='ltr' id='par_1_13' title="bbox 73 2058 1090 2138">
     <span class='ocr_line' id='line_1_18' title="bbox 73 2058 1090 2138; baseline -0.001 -19"><span class='ocrx_word' id='word_1_152' title='bbox 73 2059 212 2120; x_wconf 88' lang='lat' dir='ltr'><strong>muniret.</strong></span> <span class='ocrx_word' id='word_1_153' title='bbox 253 2059 351 2138; x_wconf 82' lang='lat' dir='ltr'><strong>Illyrii</strong></span> <span class='ocrx_word' id='word_1_154' title='bbox 363 2058 412 2118; x_wconf 78' lang='lat' dir='ltr'><strong>hie</strong></span> <span class='ocrx_word' id='word_1_155' title='bbox 425 2065 515 2134; x_wconf 90' lang='lat' dir='ltr'><strong>erant,</strong></span> <span class='ocrx_word' id='word_1_156' title='bbox 530 2059 669 2136; x_wconf 84' lang='lat' dir='ltr'><strong>adjuncto</strong></span> <span class='ocrx_word' id='word_1_157' title='bbox 688 2059 781 2116; x_wconf 90' lang='lat' dir='ltr'><strong>milite</strong></span> <span class='ocrx_word' id='word_1_158' title='bbox 799 2058 931 2118; x_wconf 86' lang='lat' dir='ltr'><strong>mercede</strong></span> <span class='ocrx_word' id='word_1_159' title='bbox 943 2058 1090 2118; x_wconf 89' lang='lat' dir='ltr'><strong>conducto.</strong></span> 
     </span>
    </p>

    <p class='ocr_par' dir='ltr' id='par_1_14' title="bbox 76 2154 1092 2235">
     <span class='ocr_line' id='line_1_19' title="bbox 76 2154 1092 2235; baseline -0.003 -19"><span class='ocrx_word' id='word_1_160' title='bbox 76 2154 209 2216; x_wconf 75' lang='lat' dir='ltr'><strong>Thracas</strong></span> <span class='ocrx_word' id='word_1_161' title='bbox 228 2174 342 2235; x_wconf 88' lang='lat' dir='ltr'><strong>quoque</strong></span> <span class='ocrx_word' id='word_1_162' title='bbox 366 2154 452 2215; x_wconf 89' lang='lat' dir='ltr'><strong>simul</strong></span> <span class='ocrx_word' id='word_1_163' title='bbox 475 2154 619 2232; x_wconf 84' lang='lat' dir='ltr'><strong>objecerat</strong></span> <span class='ocrx_word' id='word_1_164' title='bbox 645 2154 750 2215; x_wconf 78' lang='lat' dir='ltr'><strong>leviter</strong></span> <span class='ocrx_word' id='word_1_165' title='bbox 775 2161 918 2215; x_wconf 86' lang='lat' dir='ltr'><strong>armatos:</strong></span> <span class='ocrx_word' id='word_1_166' title='bbox 939 2154 1092 2234; x_wconf 71' lang='lat' dir='ltr'><strong>”adeoque</strong></span> 
     </span>
    </p>

    <p class='ocr_par' dir='ltr' id='par_1_15' title="bbox 73 2232 1155 2617">
     <span class='ocr_line' id='line_1_20' title="bbox 74 2232 1155 2330; baseline -0.004 -19"><span class='ocrx_word' id='word_1_167' title='bbox 74 2253 170 2312; x_wconf 78' lang='lat' dir='ltr'><strong>aciem</strong></span> <span class='ocrx_word' id='word_1_168' title='bbox 181 2252 345 2313; x_wconf 81' lang='lat' dir='ltr'><strong>versatilem</strong></span> <span class='ocrx_word' id='word_1_169' title='bbox 364 2252 470 2329; x_wconf 89' lang='lat' dir='ltr'><strong>posuit,</strong></span> <span class='ocrx_word' id='word_1_170' title='bbox 484 2258 519 2309; x_wconf 88' lang='lat' dir='ltr'><strong>ut</strong></span> <span class='ocrx_word' id='word_1_171' title='bbox 537 2250 589 2330; x_wconf 90' lang='lat' dir='ltr'><strong>qui</strong></span> <span class='ocrx_word' id='word_1_172' title='bbox 610 2250 708 2309; x_wconf 91' lang='lat' dir='ltr'><strong>ultimi</strong></span> <span class='ocrx_word' id='word_1_173' title='bbox 728 2252 852 2325; x_wconf 85' lang='lat' dir='ltr'><strong>stabant,</strong></span> <span class='ocrx_word' id='word_1_174' title='bbox 866 2270 903 2309; x_wconf 86' lang='lat' dir='ltr'><strong>nc</strong></span> <span class='ocrx_word' id='word_1_175' title='bbox 914 2250 1101 2324; x_wconf 67' lang='lat' dir='ltr'><strong>circumiren-¹</strong></span> <span class='ocrx_word' id='word_1_176' title='bbox 1148 2232 1155 2251; x_wconf 59' lang='lat'>⁸</span> 
     </span>
     <span class='ocr_line' id='line_1_21' title="bbox 73 2346 1092 2425; baseline -0.003 -18"><span class='ocrx_word' id='word_1_177' title='bbox 73 2356 138 2423; x_wconf 86' lang='lat' dir='ltr'><strong>tur,</strong></span> <span class='ocrx_word' id='word_1_178' title='bbox 162 2348 237 2409; x_wconf 84' lang='lat' dir='ltr'><strong>verti</strong></span> <span class='ocrx_word' id='word_1_179' title='bbox 265 2354 360 2407; x_wconf 85' lang='lat' dir='ltr'><strong>tamen</strong></span> <span class='ocrx_word' id='word_1_180' title='bbox 386 2352 416 2405; x_wconf 88' lang='lat' dir='ltr'><strong>et</strong></span> <span class='ocrx_word' id='word_1_181' title='bbox 443 2346 472 2404; x_wconf 93' lang='lat' dir='ltr'><strong>in</strong></span> <span class='ocrx_word' id='word_1_182' title='bbox 496 2347 620 2405; x_wconf 87' lang='lat' dir='ltr'><strong>frontem</strong></span> <span class='ocrx_word' id='word_1_183' title='bbox 647 2346 803 2425; x_wconf 82' lang='lat' dir='ltr'><strong>circumagi</strong></span> <span class='ocrx_word' id='word_1_184' title='bbox 823 2354 946 2423; x_wconf 89' lang='lat' dir='ltr'><strong>possent.</strong></span> <span class='ocrx_word' id='word_1_185' title='bbox 987 2346 1092 2425; x_wconf 87' lang='lat' dir='ltr'><strong>Itaque</strong></span> 
     </span>
     <span class='ocr_line' id='line_1_22' title="bbox 73 2440 1092 2522; baseline -0.004 -19"><span class='ocrx_word' id='word_1_186' title='bbox 73 2463 136 2503; x_wconf 89' lang='lat' dir='ltr'><strong>non</strong></span> <span class='ocrx_word' id='word_1_187' title='bbox 158 2443 258 2520; x_wconf 84' lang='lat' dir='ltr'><strong>prima,</strong></span> <span class='ocrx_word' id='word_1_188' title='bbox 280 2444 367 2522; x_wconf 73' lang='lat' dir='ltr'><strong>quim</strong></span> <span class='ocrx_word' id='word_1_189' title='bbox 388 2442 498 2519; x_wconf 72' lang='lat' dir='ltr'><strong>latera,</strong></span> <span class='ocrx_word' id='word_1_190' title='bbox 530 2461 586 2501; x_wconf 91' lang='lat' dir='ltr'><strong>non</strong></span> <span class='ocrx_word' id='word_1_191' title='bbox 607 2440 699 2500; x_wconf 87' lang='lat' dir='ltr'><strong>latera</strong></span> <span class='ocrx_word' id='word_1_192' title='bbox 717 2442 875 2501; x_wconf 72' lang='lat' dir='ltr'><strong>munitiora</strong></span> <span class='ocrx_word' id='word_1_193' title='bbox 893 2442 984 2517; x_wconf 75' lang='lat' dir='ltr'><strong>fuere,</strong></span> <span class='ocrx_word' id='word_1_194' title='bbox 1004 2445 1092 2520; x_wconf 72' lang='lat' dir='ltr'><strong>quim</strong></span> 
     </span>
     <span class='ocr_line' id='line_1_23' title="bbox 76 2547 169 2617; baseline 0 -19"><span class='ocrx_word' id='word_1_195' title='bbox 76 2547 169 2617; x_wconf 84' lang='lat' dir='ltr'><strong>terga.</strong></span> 
     </span>
    </p>

    <p class='ocr_par' dir='ltr' id='par_1_16' title="bbox 74 2630 1260 3473">
     <span class='ocr_line' id='line_1_24' title="bbox 141 2630 1092 2709; baseline -0.003 -17"><span class='ocrx_word' id='word_1_196' title='bbox 141 2638 187 2693; x_wconf 85' lang='lat'><strong>53.</strong></span> <span class='ocrx_word' id='word_1_197' title='bbox 210 2632 268 2692; x_wconf 88' lang='lat' dir='ltr'><strong>His</strong></span> <span class='ocrx_word' id='word_1_198' title='bbox 290 2633 335 2691; x_wconf 77' lang='lat' dir='ltr'><strong>itt</strong></span> <span class='ocrx_word' id='word_1_199' title='bbox 356 2630 497 2691; x_wconf 82' lang='lat' dir='ltr'><strong>ordinatis</strong></span> <span class='ocrx_word' id='word_1_200' title='bbox 517 2631 657 2709; x_wconf 80' lang='lat' dir='ltr'><strong>praecipit,</strong></span> <span class='ocrx_word' id='word_1_201' title='bbox 677 2637 712 2689; x_wconf 93' lang='lat' dir='ltr'><strong>ut</strong></span> <span class='ocrx_word' id='word_1_202' title='bbox 731 2631 892 2691; x_wconf 85' lang='lat' dir='ltr'><strong>sifalcatos</strong></span> <span class='ocrx_word' id='word_1_203' title='bbox 904 2650 1006 2691; x_wconf 83' lang='lat' dir='ltr'><strong>currus</strong></span> <span class='ocrx_word' id='word_1_204' title='bbox 1019 2652 1092 2689; x_wconf 59' lang='lat' dir='ltr'><strong>‘cum</strong></span> 
     </span>
     <span class='ocr_line' id='line_1_25' title="bbox 74 2726 1099 2804; baseline -0.007 -13"><span class='ocrx_word' id='word_1_205' title='bbox 74 2732 199 2791; x_wconf 73' lang='lat' dir='ltr'><strong>fremitu</strong></span> <span class='ocrx_word' id='word_1_206' title='bbox 220 2727 343 2789; x_wconf 84' lang='lat' dir='ltr'><strong>Barbari</strong></span> <span class='ocrx_word' id='word_1_207' title='bbox 364 2728 537 2803; x_wconf 86' lang='lat' dir='ltr'><strong>emitterent,</strong></span> <span class='ocrx_word' id='word_1_208' title='bbox 558 2727 624 2804; x_wconf 87' lang='lat' dir='ltr'><strong>ipsi,</strong></span> <span class='ocrx_word' id='word_1_209' title='bbox 645 2726 752 2793; x_wconf 74' lang='lat' dir='ltr'><strong>laxatis</strong></span> <span class='ocrx_word' id='word_1_210' title='bbox 778 2726 927 2785; x_wconf 89' lang='lat' dir='ltr'><strong>ordinibus</strong></span> <span class='ocrx_word' id='word_1_211' title='bbox 953 2728 1099 2804; x_wconf 55' lang='lat' dir='ltr'><strong>impetum¹</strong></span> 
     </span>
     <span class='ocr_line' id='line_1_26' title="bbox 76 2796 1260 2900; baseline -0.003 -14"><span class='ocrx_word' id='word_1_212' title='bbox 76 2822 277 2886; x_wconf 85' lang='lat' dir='ltr'><strong>occurentium</strong></span> <span class='ocrx_word' id='word_1_213' title='bbox 304 2822 419 2882; x_wconf 88' lang='lat' dir='ltr'><strong>silentio</strong></span> <span class='ocrx_word' id='word_1_214' title='bbox 452 2822 634 2900; x_wconf 75' lang='lat' dir='ltr'><strong>exciperent:</strong></span> <span class='ocrx_word' id='word_1_215' title='bbox 668 2821 747 2879; x_wconf 84' lang='lat' dir='ltr'><strong>haud</strong></span> <span class='ocrx_word' id='word_1_216' title='bbox 780 2821 893 2894; x_wconf 87' lang='lat' dir='ltr'><strong>dubius,</strong></span> <span class='ocrx_word' id='word_1_217' title='bbox 920 2821 982 2880; x_wconf 90' lang='lat' dir='ltr'><strong>sine</strong></span> <span class='ocrx_word' id='word_1_218' title='bbox 1015 2825 1098 2879; x_wconf 68' lang='lat' dir='ltr'><strong>noxt&#39;</strong></span> <span class='ocrx_word' id='word_1_219' title='bbox 1117 2796 1169 2876; x_wconf 65' lang='grc'><strong>13</strong></span> <span class='ocrx_word' id='word_1_220' title='bbox 1182 2798 1260 2883; x_wconf 60' lang='lat'><strong>2³*</strong></span> 
     </span>
     <span class='ocr_line' id='line_1_27' title="bbox 76 2915 1093 2994; baseline -0.005 -14"><span class='ocrx_word' id='word_1_221' title='bbox 76 2931 305 2993; x_wconf 84' lang='lat' dir='ltr'><strong>transcursuros,</strong></span> <span class='ocrx_word' id='word_1_222' title='bbox 326 2918 346 2947; x_wconf 80' lang='lat'><strong>²⁸</strong></span> <span class='ocrx_word' id='word_1_223' title='bbox 356 2918 380 2977; x_wconf 92' lang='lat' dir='ltr'><strong>i</strong></span> <span class='ocrx_word' id='word_1_224' title='bbox 402 2936 484 2975; x_wconf 88' lang='lat' dir='ltr'><strong>nemo</strong></span> <span class='ocrx_word' id='word_1_225' title='bbox 508 2936 538 2977; x_wconf 88' lang='lat' dir='ltr'><strong>se</strong></span> <span class='ocrx_word' id='word_1_226' title='bbox 563 2924 726 2994; x_wconf 88' lang='lat' dir='ltr'><strong>opponeret.</strong></span> <span class='ocrx_word' id='word_1_227' title='bbox 767 2915 820 2975; x_wconf 84' lang='lat' dir='ltr'><strong>Sin</strong></span> <span class='ocrx_word' id='word_1_228' title='bbox 840 2922 936 2974; x_wconf 86' lang='lat' dir='ltr'><strong>autern</strong></span> <span class='ocrx_word' id='word_1_229' title='bbox 957 2916 1018 2975; x_wconf 91' lang='lat' dir='ltr'><strong>sine</strong></span> <span class='ocrx_word' id='word_1_230' title='bbox 1037 2917 1093 2975; x_wconf 82' lang='lat' dir='ltr'><strong>ire-</strong></span> 
     </span>
     <span class='ocr_line' id='line_1_28' title="bbox 77 3010 1093 3091; baseline -0.005 -15"><span class='ocrx_word' id='word_1_231' title='bbox 77 3018 157 3077; x_wconf 90' lang='lat' dir='ltr'><strong>mitu</strong></span> <span class='ocrx_word' id='word_1_232' title='bbox 170 3015 365 3088; x_wconf 85' lang='lat' dir='ltr'><strong>immisissent,</strong></span> <span class='ocrx_word' id='word_1_233' title='bbox 380 3032 428 3072; x_wconf 86' lang='lat' dir='ltr'><strong>eos</strong></span> <span class='ocrx_word' id='word_1_234' title='bbox 442 3012 497 3089; x_wconf 91' lang='lat' dir='ltr'><strong>ipsi</strong></span> <span class='ocrx_word' id='word_1_235' title='bbox 512 3012 633 3071; x_wconf 86' lang='lat' dir='ltr'><strong>clamore</strong></span> <span class='ocrx_word' id='word_1_236' title='bbox 654 3018 804 3087; x_wconf 88' lang='lat' dir='ltr'><strong>terrerent,</strong></span> <span class='ocrx_word' id='word_1_237' title='bbox 817 3010 992 3090; x_wconf 83' lang='lat' dir='ltr'><strong>pavidosque</strong></span> <span class='ocrx_word' id='word_1_238' title='bbox 1005 3031 1093 3091; x_wconf 86' lang='lat' dir='ltr'><strong>equos</strong></span> 
     </span>
     <span class='ocr_line' id='line_1_29' title="bbox 77 3106 1100 3188; baseline -0.004 -17"><span class='ocrx_word' id='word_1_239' title='bbox 77 3112 149 3171; x_wconf 87' lang='lat' dir='ltr'><strong>telis</strong></span> <span class='ocrx_word' id='word_1_240' title='bbox 163 3110 309 3188; x_wconf 81' lang='lat' dir='ltr'><strong>utrimque</strong></span> <span class='ocrx_word' id='word_1_241' title='bbox 323 3108 504 3167; x_wconf 82' lang='lat' dir='ltr'><strong>suffoderent.</strong></span> <span class='ocrx_word' id='word_1_242' title='bbox 547 3106 606 3177; x_wconf 80' lang='lat' dir='ltr'><strong>Qui</strong></span> <span class='ocrx_word' id='word_1_243' title='bbox 619 3107 752 3166; x_wconf 86' lang='lat' dir='ltr'><strong>cornibus</strong></span> <span class='ocrx_word' id='word_1_244' title='bbox 771 3110 923 3184; x_wconf 75' lang='lat' dir='ltr'><strong>praeerant,</strong></span> <span class='ocrx_word' id='word_1_245' title='bbox 937 3108 1100 3184; x_wconf 46' lang='lat' dir='ltr'><strong>exardere,</strong></span> 
     </span>
     <span class='ocr_line' id='line_1_30' title="bbox 78 3193 1136 3285; baseline -0.004 -18"><span class='ocrx_word' id='word_1_246' title='bbox 78 3228 115 3267; x_wconf 90' lang='lat' dir='ltr'><strong>ea</strong></span> <span class='ocrx_word' id='word_1_247' title='bbox 134 3205 218 3283; x_wconf 88' lang='lat' dir='ltr'><strong>jussi,</strong></span> <span class='ocrx_word' id='word_1_248' title='bbox 233 3205 275 3263; x_wconf 87' lang='lat' dir='ltr'><strong>itu</strong></span> <span class='ocrx_word' id='word_1_249' title='bbox 294 3210 329 3261; x_wconf 90' lang='lat' dir='ltr'><strong>ut</strong></span> <span class='ocrx_word' id='word_1_250' title='bbox 341 3222 392 3262; x_wconf 84' lang='lat' dir='ltr'><strong>neo</strong></span> <span class='ocrx_word' id='word_1_251' title='bbox 416 3203 697 3277; x_wconf 83' lang='lat' dir='ltr'><strong>circumvenirentur,</strong></span> <span class='ocrx_word' id='word_1_252' title='bbox 712 3202 737 3260; x_wconf 85' lang='lat' dir='ltr'><strong>si</strong></span> <span class='ocrx_word' id='word_1_253' title='bbox 752 3208 862 3262; x_wconf 87' lang='lat' dir='ltr'><strong>arctius</strong></span> <span class='ocrx_word' id='word_1_254' title='bbox 883 3210 1000 3277; x_wconf 86' lang='lat' dir='ltr'><strong>starent,</strong></span> <span class='ocrx_word' id='word_1_255' title='bbox 1014 3205 1101 3285; x_wconf 72' lang='lat' dir='ltr'><strong>”neo</strong></span> <span class='ocrx_word' id='word_1_256' title='bbox 1118 3193 1136 3222; x_wconf 66' lang='lat'><strong>&#39;²</strong></span> 
     </span>
     <span class='ocr_line' id='line_1_31' title="bbox 79 3286 1247 3375; baseline -0.005 -14"><span class='ocrx_word' id='word_1_257' title='bbox 79 3312 180 3361; x_wconf 85' lang='lat' dir='ltr'><strong>tamen</strong></span> <span class='ocrx_word' id='word_1_258' title='bbox 205 3300 329 3359; x_wconf 84' lang='lat' dir='ltr'><strong>mediam</strong></span> <span class='ocrx_word' id='word_1_259' title='bbox 356 3298 445 3357; x_wconf 83' lang='lat' dir='ltr'><strong>aciem</strong></span> <span class='ocrx_word' id='word_1_260' title='bbox 472 3298 658 3358; x_wconf 84' lang='lat' dir='ltr'><strong>exinanirent.</strong></span> <span class='ocrx_word' id='word_1_261' title='bbox 709 3296 919 3375; x_wconf 82' lang='lat' dir='ltr'><strong>Inpedimenta</strong></span> <span class='ocrx_word' id='word_1_262' title='bbox 943 3318 1009 3357; x_wconf 92' lang='lat' dir='ltr'><strong>cum</strong></span> <span class='ocrx_word' id='word_1_263' title='bbox 1032 3307 1129 3375; x_wconf 78' lang='lat' dir='ltr'><strong>cap-‘l</strong></span> <span class='ocrx_word' id='word_1_264' title='bbox 1150 3305 1169 3355; x_wconf 78' lang='lat'><em>3</em></span> <span class='ocrx_word' id='word_1_265' title='bbox 1188 3286 1247 3346; x_wconf 61' lang='grc' dir='ltr'><strong>ὒῑ)</strong></span> 
     </span>
     <span class='ocr_line' id='line_1_32' title="bbox 80 3392 1094 3473; baseline -0.007 -16"><span class='ocrx_word' id='word_1_266' title='bbox 80 3398 162 3471; x_wconf 88' lang='lat' dir='ltr'><strong>tivis,</strong></span> <span class='ocrx_word' id='word_1_267' title='bbox 177 3397 252 3454; x_wconf 89' lang='lat' dir='ltr'><strong>inter</strong></span> <span class='ocrx_word' id='word_1_268' title='bbox 275 3412 347 3473; x_wconf 86' lang='lat' dir='ltr'><strong>quos</strong></span> <span class='ocrx_word' id='word_1_269' title='bbox 367 3400 461 3452; x_wconf 83' lang='lat' dir='ltr'><strong>mater</strong></span> <span class='ocrx_word' id='word_1_270' title='bbox 483 3392 623 3471; x_wconf 83' lang='lat' dir='ltr'><strong>liberique</strong></span> <span class='ocrx_word' id='word_1_271' title='bbox 643 3392 727 3451; x_wconf 88' lang='lat' dir='ltr'><strong>Darii</strong></span> <span class='ocrx_word' id='word_1_272' title='bbox 753 3393 996 3467; x_wconf 87' lang='lat' dir='ltr'><strong>custodiebantur,</strong></span> <span class='ocrx_word' id='word_1_273' title='bbox 1017 3393 1094 3451; x_wconf 87' lang='lat' dir='ltr'><strong>haud</strong></span> 
     </span>
    </p>
   </div>
   <div class='ocr_carea' id='block_1_3' title="bbox 1117 2312 1249 2369">
    <p class='ocr_par' dir='ltr' id='par_1_17' title="bbox 1117 2312 1249 2369">
     <span class='ocr_line' id='line_1_33' title="bbox 1117 2312 1249 2369; baseline -0.038 -3"><span class='ocrx_word' id='word_1_274' title='bbox 1117 2312 1249 2369; x_wconf 69' lang='lat' dir='ltr'><strong>s320</strong></span> 
     </span>
    </p>
   </div>
   <div class='ocr_carea' id='block_1_4' title="bbox 81 3488 1290 3949">
    <p class='ocr_par' dir='ltr' id='par_1_18' title="bbox 81 3488 1290 3949">
     <span class='ocr_line' id='line_1_34' title="bbox 81 3488 1095 3574; baseline -0.006 -21"><span class='ocrx_word' id='word_1_275' title='bbox 81 3492 185 3574; x_wconf 91' lang='lat' dir='ltr'><strong>procul</strong></span> <span class='ocrx_word' id='word_1_276' title='bbox 206 3491 242 3551; x_wconf 86' lang='lat' dir='ltr'><strong>ab</strong></span> <span class='ocrx_word' id='word_1_277' title='bbox 263 3489 324 3549; x_wconf 87' lang='lat' dir='ltr'><strong>acia</strong></span> <span class='ocrx_word' id='word_1_278' title='bbox 344 3488 374 3547; x_wconf 93' lang='lat' dir='ltr'><strong>in</strong></span> <span class='ocrx_word' id='word_1_279' title='bbox 395 3488 471 3547; x_wconf 87' lang='lat' dir='ltr'><strong>edito</strong></span> <span class='ocrx_word' id='word_1_280' title='bbox 492 3488 564 3561; x_wconf 84' lang='lat' dir='ltr'><strong>colle</strong></span> <span class='ocrx_word' id='word_1_281' title='bbox 585 3488 753 3565; x_wconf 73' lang='lat' dir='ltr'><strong>constituit,</strong></span> <span class='ocrx_word' id='word_1_282' title='bbox 775 3488 887 3547; x_wconf 89' lang='lat' dir='ltr'><strong>modico</strong></span> <span class='ocrx_word' id='word_1_283' title='bbox 906 3488 1040 3566; x_wconf 86' lang='lat' dir='ltr'><strong>praesidio</strong></span> <span class='ocrx_word' id='word_1_284' title='bbox 1053 3508 1095 3547; x_wconf 88' lang='lat' dir='ltr'><strong>re-</strong></span> 
     </span>
     <span class='ocr_line' id='line_1_35' title="bbox 81 3581 1095 3656; baseline -0.007 -10"><span class='ocrx_word' id='word_1_285' title='bbox 81 3588 159 3646; x_wconf 88' lang='lat' dir='ltr'><strong>licto.</strong></span> <span class='ocrx_word' id='word_1_286' title='bbox 203 3584 323 3644; x_wconf 86' lang='lat' dir='ltr'><strong>Laevum</strong></span> <span class='ocrx_word' id='word_1_287' title='bbox 337 3601 433 3656; x_wconf 84' lang='lat' dir='ltr'><strong>cornu,</strong></span> <span class='ocrx_word' id='word_1_288' title='bbox 448 3582 522 3641; x_wconf 90' lang='lat' dir='ltr'><strong>siout</strong></span> <span class='ocrx_word' id='word_1_289' title='bbox 535 3581 617 3656; x_wconf 76' lang='lat' dir='ltr'><strong>aliis,</strong></span> <span class='ocrx_word' id='word_1_290' title='bbox 632 3582 815 3640; x_wconf 85' lang='lat' dir='ltr'><strong>Parmenioni</strong></span> <span class='ocrx_word' id='word_1_291' title='bbox 828 3582 965 3640; x_wconf 85' lang='lat' dir='ltr'><strong>tuendum</strong></span> <span class='ocrx_word' id='word_1_292' title='bbox 979 3581 1095 3651; x_wconf 85' lang='lat' dir='ltr'><strong>datum:</strong></span> 
     </span>
     <span class='ocr_line' id='line_1_36' title="bbox 84 3675 1097 3759; baseline -0.009 -19"><span class='ocrx_word' id='word_1_293' title='bbox 84 3680 192 3759; x_wconf 84' lang='lat' dir='ltr'><strong>ipsein</strong></span> <span class='ocrx_word' id='word_1_294' title='bbox 213 3679 316 3737; x_wconf 87' lang='lat' dir='ltr'><strong>dextro</strong></span> <span class='ocrx_word' id='word_1_295' title='bbox 337 3678 439 3737; x_wconf 85' lang='lat' dir='ltr'><strong>stabat.</strong></span> <span class='ocrx_word' id='word_1_296' title='bbox 483 3675 621 3733; x_wconf 83' lang='lat' dir='ltr'><strong>Nonddm</strong></span> <span class='ocrx_word' id='word_1_297' title='bbox 641 3675 679 3733; x_wconf 88' lang='lat' dir='ltr'><strong>ad</strong></span> <span class='ocrx_word' id='word_1_298' title='bbox 699 3675 752 3732; x_wconf 89' lang='lat' dir='ltr'><strong>teli</strong></span> <span class='ocrx_word' id='word_1_299' title='bbox 770 3677 881 3751; x_wconf 87' lang='lat' dir='ltr'><strong>jactum</strong></span> <span class='ocrx_word' id='word_1_300' title='bbox 900 3680 1097 3752; x_wconf 83' lang='lat' dir='ltr'><strong>pervenerant,</strong></span> 
     </span>
     <span class='ocr_line' id='line_1_37' title="bbox 83 3744 1290 3851; baseline -0.007 -17"><span class='ocrx_word' id='word_1_301' title='bbox 83 3779 152 3835; x_wconf 78' lang='lat' dir='ltr'><strong>edm</strong></span> <span class='ocrx_word' id='word_1_302' title='bbox 166 3773 243 3832; x_wconf 87' lang='lat' dir='ltr'><strong>Bion</strong></span> <span class='ocrx_word' id='word_1_303' title='bbox 256 3770 374 3851; x_wconf 87' lang='lat' dir='ltr'><strong>quidum</strong></span> <span class='ocrx_word' id='word_1_304' title='bbox 387 3770 547 3849; x_wconf 81' lang='lat' dir='ltr'><strong>transfuga,</strong></span> <span class='ocrx_word' id='word_1_305' title='bbox 560 3776 667 3847; x_wconf 85' lang='lat' dir='ltr'><strong>quanto</strong></span> <span class='ocrx_word' id='word_1_306' title='bbox 687 3770 811 3827; x_wconf 88' lang='lat' dir='ltr'><strong>maximo</strong></span> <span class='ocrx_word' id='word_1_307' title='bbox 825 3788 911 3827; x_wconf 88' lang='lat' dir='ltr'><strong>cursu</strong></span> <span class='ocrx_word' id='word_1_308' title='bbox 924 3774 1046 3845; x_wconf 87' lang='lat' dir='ltr'><strong>poterat,</strong></span> <span class='ocrx_word' id='word_1_309' title='bbox 1061 3767 1099 3826; x_wconf 87' lang='lat' dir='ltr'><strong>ad</strong></span> <span class='ocrx_word' id='word_1_310' title='bbox 1114 3754 1140 3809; x_wconf 77' lang='lat' dir='ltr'><strong><em>s</em></strong></span> <span class='ocrx_word' id='word_1_311' title='bbox 1148 3756 1172 3814; x_wconf 82' lang='lat'><em>3</em></span> <span class='ocrx_word' id='word_1_312' title='bbox 1185 3744 1277 3810; x_wconf 51' lang='grc' dir='ltr'><strong>ΛΓ</strong></span> <span class='ocrx_word' id='word_1_313' title='bbox 1289 3797 1290 3810; x_wconf 35' lang='grc' dir='ltr'>ι</span> 
     </span>
     <span class='ocr_line' id='line_1_38' title="bbox 85 3860 1099 3949; baseline -0.01 -19"><span class='ocrx_word' id='word_1_314' title='bbox 85 3872 198 3949; x_wconf 82' lang='lat' dir='ltr'><strong>Regem</strong></span> <span class='ocrx_word' id='word_1_315' title='bbox 224 3864 364 3944; x_wconf 84' lang='lat' dir='ltr'><strong>pervenit,</strong></span> <span class='ocrx_word' id='word_1_316' title='bbox 390 3864 528 3923; x_wconf 83' lang='lat' dir='ltr'><strong>nuncians</strong></span> <span class='ocrx_word' id='word_1_317' title='bbox 555 3862 707 3921; x_wconf 66' lang='lat' dir='ltr'><strong>”murices</strong></span> <span class='ocrx_word' id='word_1_318' title='bbox 733 3863 843 3921; x_wconf 79' lang='lat' dir='ltr'><strong>ferreos</strong></span> <span class='ocrx_word' id='word_1_319' title='bbox 867 3862 900 3919; x_wconf 92' lang='lat' dir='ltr'><strong>in</strong></span> <span class='ocrx_word' id='word_1_320' title='bbox 923 3868 1031 3920; x_wconf 86' lang='lat' dir='ltr'><strong>terram</strong></span> <span class='ocrx_word' id='word_1_321' title='bbox 1052 3860 1099 3920; x_wconf 87' lang='lat' dir='ltr'><strong>da·</strong></span> 
     </span>
    </p>
   </div>
   <div class='ocr_carea' id='block_1_5' title="bbox 0 0 1322 4400">
    <p class='ocr_par' dir='ltr' id='par_1_19' title="bbox 0 0 1322 4400">
     <span class='ocr_line' id='line_1_39' title="bbox 0 0 1322 4400; baseline 0 0"><span class='ocrx_word' id='word_1_322' title='bbox 0 0 1322 4400; x_wconf 95' lang='lat' dir='ltr'><strong> </strong></span> 
     </span>
    </p>
   </div>
  </div>
 </body>
</html>
