2592 4400
467 362 590 403 nisse
611 362 645 402 v.
675 360 760 402 ose.
790 360 842 401 rr.
1105 342 1157 401 101

138 520 266 580 regnum
279 508 372 576 tunm,
386 500 496 562 salubri
508 500 621 560 ratione
633 517 790 560 conserves
852 498 919 559 Diis
932 498 1043 559 aversis
1052 498 1159 561 bellum

139 595 261 671 inimus,
275 604 306 655 et
318 596 455 673 pertinax
468 598 584 655 fortuna
597 595 704 654 Persas
718 614 820 674 urgere
832 614 890 653 non
909 595 1023 654 desinit
1065 594 1159 655 Novis

139 688 237 750 initiis
249 696 280 747 et
292 690 435 749 ominibus
448 709 520 767 opus
532 696 585 749 est
605 688 795 766 ‘Auspicium
808 695 837 748 et
848 688 999 766 imperium
1013 688 1064 747 alii
1077 688 1158 749 trade

26 780 272 888 yqsrnterim,
285 784 337 861 qui
358 790 419 841 tam
440 784 491 843 diu
497 768 571 843 ⁴Rex
584 782 754 861 appelletur,
770 782 948 842 donee-Asis
962 783 1081 841 decedat
1094 783 1162 847 hos,
1264 804 1266 811 ·

130 878 190 939 'tis
232 878 338 938 Victor
359 878 486 937 'deinde
507 898 625 959 regnum
645 877 702 938 tibi
729 877 852 937 reddat:
889 876 943 935 hoc
966 884 1062 937 autem
1076 879 1157 939 brevi
1234 897 1236 900 ’

139 972 275 1031 futurum
287 973 362 1032 ratio
375 973 527 1051 promittit
589 972 699 1031 Baetra
712 970 822 1031 intacto
842 978 928 1031 sunt:
950 971 1018 1031 Indi
1033 980 1062 1031 et
1076 972 1157 1033 scca

140 1068 174 1125 in
187 1072 240 1125 tua
253 1075 413 1146 potestate3
430 1075 475 1127 tot
484 1068 594 1145 populi,
603 1075 649 1125 tot
658 1061 811 1142 exercitus,
823 1074 868 1127 tot
877 1068 1006 1145 equitum
1015 1068 1156 1145 peditum·

139 1166 198 1241 qu'e
211 1163 304 1222 millia
316 1163 354 1221 ad
366 1164 560 1225 renovandum
573 1163 684 1223 bellum
696 1163 774 1223 vires
787 1170 904 1242 paratas
917 1163 1033 1237 habent,
1047 1170 1081 1221 ut
1099 1184 1156 1223 ma·

53 1254 127 1329 ΖΠ
147 1260 196 1335 jor
209 1257 282 1318 belli
295 1251 406 1317 ‘moles'
415 1261 549 1337 supersit,
568 1262 657 1336 qudm
677 1259 817 1319 exhausta
837 1260 884 1319 sit
947 1258 1026 1330 Quid
1046 1259 1157 1321 ruimus

139 1354 303 1415 belluarum
329 1356 391 1415 ritu
423 1356 454 1415 in
483 1356 641 1434 perniciem
664 1376 722 1416 non
749 1357 963 1417 necessariam?
1024 1358 1156 1419 Fortium

139 1449 271 1509 umorum
293 1459 338 1509 est
358 1452 449 1531 magis
470 1459 591 1510 mortem
613 1459 801 1527 contemnere,
826 1456 913 1531 quam
940 1454 1034 1514 odisse
1056 1455 1155 1516 vitam.

141 1545 228 1623 Scope
241 1546 331 1605 toedio
344 1546 451 1607 laboris
463 1549 473 1576 ⁰
484 1547 521 1605 ad
534 1548 679 1606 vilitatem
704 1547 749 1606 sui
770 1549 975 1626 compelluntur
989 1550 1104 1629 ignavi:
1126 1558 1157 1609 at

141 1629 237 1700 virtus
250 1641 324 1699 nihil
337 1642 515 1720 inexpertum
528 1642 645 1703 omittit
675 1642 779 1721 Itaque
793 1643 928 1703 ultimum
938 1645 1066 1703 omnium
1079 1664 1157 1703 mors

60 1731 204 1813 75⁴'est3
227 1737 362 1815 adquam
375 1758 432 1797 non
445 1738 530 1817 pigre
543 1738 587 1796 ire
600 1738 674 1797 satis
688 1747 742 1797 est.
770 1738 898 1797 Proinde
912 1740 938 1798 si
951 1739 1156 1818 Bactra,quod
1231 1742 1232 1753 ¹

141 1832 319 1891 tutissimum
330 1834 546 1911 receptaculum
554 1841 607 1908 est,
621 1834 756 1910 petimus,
768 1833 943 1893 Praefectum
955 1834 1081 1913 regionis
1095 1837 1157 1911 ejus

141 1927 274 2002 Bessum,
289 1927 401 2007 Regem
416 1931 434 1957 ¹⁰
446 1930 583 2006 temporis
596 1928 692 2007 gratie
706 1934 874 1988 statuamus.
918 1928 1092 2006 Compositis
1112 1949 1155 1989 re·

139 2022 203 2107 bus,
219 2025 238 2051 ¹¹
247 2025 327 2099 justo
340 2022 416 2103 Regi
431 2024 486 2083 tibi
499 2025 519 2053 ¹²
528 2024 709 2082 fiduciarium
722 2024 858 2082 restituet
872 2024 1052 2101 imperium.”

202 2122 248 2177 26.
271 2118 362 2177 Haud
388 2120 494 2177 mirum
521 2127 574 2194 ost,
604 2119 727 2179 Darium
754 2138 812 2179 non
840 2123 1021 2198 temperasse
1049 2118 1154 2196 anime,

63 2229 132 2294 you
143 2215 165 2244 ²³
176 2235 340 2294 quanquam
362 2223 422 2274 tam
444 2217 542 2292 impiae
554 2216 618 2275 voci
632 2224 772 2295 quantum
793 2202 1021 2392 nefaszlpesset
1035 2217 1153 2278 latebat.

143 2306 256 2388 Itaque,
272 2311 327 2362 '²⁴.“
339 2311 532 2384 Pessimum,'’
553 2312 656 2390 inquit,
682 2315 699 2344 “
711 2312 893 2390 mancipium,
946 2313 1052 2390 peristi
1076 2320 1154 2390 opta·

142 2406 207 2466 tum
221 2407 277 2466 tibi
286 2413 409 2484 tempus,
421 2426 478 2485 quo
489 2407 676 2483 parricidium
685 2408 813 2485 aperires
823 2407 829 2466 l
840 2411 854 2439 ’²
875 2392 1032 2488 sirictoque
1041 2408 1155 2468 acinace

140 2502 348 2563 interfecturus
369 2522 436 2561 eum
456 2502 628 2577 videbatur,
644 2489 709 2560 1‘ni
739 2506 859 2581 properd
888 2489 999 2562 Bessus
1026 2504 1154 2564 Bactria·

140 2596 238 2676 nique,
260 2599 389 2656 tristium
416 2598 520 2676 specie,
548 2600 698 2672 caeterum,
727 2599 752 2658 si
779 2607 987 2675 perseveraret,
1017 2598 1154 2677 vincturi,

41 2681 409 2810 'th‘oircumstetissent
451 2693 639 2753 Nabarzanes
653 2694 771 2752 interim
781 2694 904 2770 elapsus,
920 2713 986 2752 mox
1001 2701 1031 2752 et
1045 2694 1155 2752 Bessus

141 2795 324 2862 consecutus,
339 2789 437 2866 copias
450 2788 556 2867 quibus
569 2796 714 2866 praeerant
728 2809 745 2847 a
759 2796 862 2848 caetero
877 2789 1008 2847 exercitu
1021 2789 1154 2848 secedere

148 2885 262 2961 jubent,
277 2891 420 2943 secretum
433 2884 537 2942 inituri
556 2883 718 2943 consilium.
761 2883 926 2942 Artabazus
940 2883 1156 2944 convenientem

34 3022 38 3028 -
143 2979 281 3058 presenti
302 2980 427 3040 fomunae
447 2980 622 3039 sententiam
645 2997 737 3053 orsus,
753 2979 887 3056 mitigare
911 2979 1042 3056 Darium,
1058 2980 1155 3038 ¹¹tem·

141 3064 245 3153 poi-om
271 3075 432 3134 identidem
457 3075 614 3134 admonens
647 3075 753 3152 coepit:
789 3077 805 3107 “
819 3073 921 3134 Ferret
947 3094 1031 3153 aequo
1059 3075 1154 3134 animo

63 3165 394 3250 analiumeunqne,
417 3190 535 3230 suorum
556 3177 663 3244 umen,
690 3169 738 3228 vel
762 3170 919 3230 stultitiam
939 3170 987 3230 vel
1015 3190 1152 3230 errorem.

142 3266 258 3326 Instare
280 3265 481 3326 Alexandrum
496 3267 515 3294 ¹¹
522 3285 650 3343 gravem,
665 3265 777 3324 etiamsi
791 3285 890 3326 omnes
913 3267 1029 3343 praesto*
1041 3273 1154 3324 essent:

66 3392 68 3395 ·
140 3359 362 3440 quidiuturum,
377 3361 403 3419 si
413 3360 666 3438 persecutifugam
681 3361 772 3438 ipsias
786 3361 949 3420 alienentur
961 3361 1000 3420 l³²
1043 3357 1155 3436 ¹⁸AEgre
1170 3377 1177 3386 ⁴

43 3486 55 3512 x
141 3457 240 3543 paruit
260 3457 416 3529 Artabazo,
439 3463 469 3514 et
489 3475 651 3534 quanquam
672 3475 786 3515 movere
808 3463 903 3516 castra
922 3461 1074 3540 statuerat,
1095 3461 1154 3513 tur·

140 3553 220 3612 batis
245 3560 342 3610 tamem
363 3552 492 3610 omnium
515 3551 628 3624 animis,
654 3551 755 3609 eodem
776 3551 805 3608 in
829 3551 892 3610 loco
913 3549 1053 3608 substitit.
1096 3548 1154 3608 Sed

55 3636 146 3736 [75
142 3647 287 3707 attonitus
311 3647 450 3704 moestitia
475 3646 563 3705 simul
582 3653 613 3704 ot
632 3637 841 3721 desperatione,
857 3644 1043 3705 tabernaculo
1064 3662 1094 3701 se
1114 3643 1154 3700 in·

142 3732 239 3801 ilaris.
293 3741 373 3819 Ergo
396 3742 428 3799 in
454 3740 568 3814 castris,
595 3760 663 3817 quae
689 3739 799 3799 nullius
822 3739 997 3817 regebantur
1023 3737 1154 3815 imperio,

141 3839 216 3899 rarii
228 3837 391 3898 animorum
411 3842 509 3895 motus
522 3841 621 3895 erant:
641 3853 695 3894 neo
709 3835 740 3894 in
754 3853 911 3907 commune,
926 3839 961 3892 ut
974 3835 1077 3908 antea,
1091 3851 1154 3892 oon·
