2592 4400
408 407 531 449 niusa
558 408 591 448 v.
621 408 707 450 oar.
737 410 798 451 111.
1070 394 1109 453 87

88 553 134 621 et,
156 544 312 621 “Mater,⁷’
335 544 439 625 inqnit,
463 546 564 605 “hano
587 554 705 625 vestem,
718 552 777 628 qml
796 548 915 609 indutus
938 568 1010 626 snm,
1033 568 1109 611 soro·

12 644 160 711 zeorum
174 660 231 699 non
244 642 336 702 solim
349 641 463 716 donum,
477 642 625 702 sedetiam
638 664 711 722 opus
724 643 814 705 vides.
856 644 960 705 Nostri
973 644 1109 724 deeeptre

90 756 141 796 me
155 756 257 797 mores
309 736 418 813 'Cave
432 738 554 813 obseoro,
570 742 588 768 ¹⁰
597 740 627 798 in
640 740 841 800 oontumeliam
864 742 985 820 aoeipias
998 742 1110 821 ignora·

89 833 205 893 tionem
218 854 317 894 meam
361 832 433 905 Quae
445 834 489 893 tui
508 835 598 894 moris
617 854 680 894 esse
701 836 829 915 cognovi,
841 843 875 896 ut
888 856 980 914 spero,
995 836 1109 900 abunde

89 936 211 1005 servqta
236 936 310 989 sunt.
353 928 420 990 Seio
447 932 465 957 ¹¹
475 929 551 1007 apud
576 949 629 989 vos
655 930 747 989 filium
773 930 804 989 in
831 939 984 1009 oonspeotn
1007 933 1109 991 mamis

89 1024 177 1083 nefas
200 1043 262 1083 esse
282 1023 438 1099 eonsidere,
459 1024 517 1083 nisi
537 1026 605 1083 edm
626 1024 679 1083 illa
699 1025 850 1102 permisit:
877 1025 1110 1106 quotiescumque
1131 1039 1136 1055 ¹

16 1090 134 1190 §efod
146 1127 179 1195 te
191 1119 266 1194 veni,
280 1119 381 1194 donee,
394 1126 429 1178 ut
449 1119 635 1196 considerem,
658 1140 805 1197 annueres,
826 1122 930 1183 restiti.
972 1121 1109 1182 Prooum·

93 1307 267 1393 Olympiadi
280 1314 384 1369 nomen
396 1310 533 1386 debitum,
547 1311 603 1371 tibi
615 1312 733 1372 reddo.’'
1048 1364 1053 1371 .

156 1404 220 1464 ΙΙΙ.
245 1407 288 1464 10.
310 1405 447 1484 Mitigato
471 1407 553 1483 ¹ejns
574 1407 678 1482 animo,
701 1408 775 1467 Rex¹
788 1408 900 1487 quartis
926 1406 1029 1467 eastris
1048 1426 1110 1485 per·

91 1494 176 1561 venit
190 1500 228 1559 sd
242 1500 351 1579 Tigrim
364 1501 489 1561 fluvium.
531 1503 722 1577 Pasitigrim
741 1502 842 1563 ineolae
854 1510 963 1564 voeant.
1007 1502 1111 1565 Oritur

18 1586 128 1655 Zevin
147 1596 295 1656 montibus
310 1597 462 1671 Uxiorum,
476 1603 506 1655 et
517 1616 571 1675 per
584 1617 603 1657 n
616 1598 712 1658 stadia
734 1598 924 1676 sylvestribus
945 1598 1018 1677 ripis
1039 1618 1111 1676 proe·

93 1678 164 1770 eeps
191 1692 267 1751 inter
288 1711 358 1751 saxa
379 1692 549 1753 devolvitur.
604 1693 760 1771 Aeoipinnt
787 1694 890 1753 deinde
919 1714 984 1753 eum
1007 1694 1110 1771 campi,

92 1807 168 1868 quos
194 1787 379 1846 clementiore
406 1787 488 1846 alveo
512 1787 650 1865 praeterit,
670 1790 732 1865 jam
758 1789 896 1849 ’navium
921 1789 1042 1866 patiens,
1072 1808 1110 1847 no

94 1883 197 1951 stadis*
215 1890 282 1942 sumt
294 1883 437 1942 mollioris
459 1882 523 1957 soli,
537 1902 589 1960 per
608 1883 685 1961 quod
699 1883 757 1942 leni
778 1890 872 1943 traetu
885 1904 1023 1963 equarum
1042 1884 1111 1943 Per-

95 1980 158 2039 sieo
180 1980 254 2037 mari
276 1998 306 2037 se
327 1978 465 2037 insinuat
515 1978 689 2053 Alexander,
713 1998 795 2037 amne
821 1987 964 2057 superato,
987 1998 1053 2038 enm
1081 1998 1112 2038 rx
1163 2048 1171 2071 ,

15 2068 226 2135 iufirmitas
252 2074 391 2152 peditum,
422 2080 453 2132 et
479 2073 617 2152 Agrianis
644 2073 861 2153 sagittariisque
888 2081 917 2133 et
945 2073 1112 2135 Graeeorum

94 2170 283 2231 mercenariis
305 2169 458 2243 militibus,
482 2188 517 2227 ιιι
539 2167 650 2229 additis
677 2168 805 2231 millibus
828 2169 981 2246 Thraoum,
1010 2170 1040 2230 in
1069 2190 1111 2230 re-

95 2268 213 2346 gionem
227 2265 372 2326 Uxiorum
392 2264 531 2342 pervenit
573 2265 715 2324 Finitima
738 2265 821 2326 Susis
834 2273 889 2342 est,
904 2273 934 2325 et
948 2266 978 2324 in
991 2265 1112 2344 primam

96 2362 249 2440 Persidem
262 2361 405 2420 exourrit:
427 2368 538 2418 aretum
557 2362 634 2420 inter
648 2380 679 2420 se
694 2367 723 2419 et
744 2360 879 2421 Susianos
893 2361 1003 2420 aditum
1027 2362 1112 2422 relin-

94 2477 197 2538 quens.
239 2457 373 2516 Medates
397 2463 459 2515 erat
482 2455 569 2534 liujus
595 2456 725 2535 regionis
747 2455 917 2532 Praefeotus,
940 2457 1018 2518 haud
1042 2457 1111 2518 sane
1165 2531 1171 2540 ἡ

19 2545 86 2616 260
97 2558 107 2584 ¹
119 2562 283 2631 temporum
296 2553 389 2612 homo.
418 2550 530 2630 Quippe
542 2551 648 2610 ultima
660 2571 712 2629 pro
725 2552 781 2610 fide
795 2553 920 2630 experiri
935 2554 1111 2614 decreverat.

97 2651 158 2712 Sed
171 2649 258 2726 periti
271 2648 399 2707 looorum
413 2646 613 2706 Alexandrum
634 2645 747 2722 dooent,
761 2647 904 2706 oeoultum
916 2648 973 2706 iter
986 2667 1048 2708 esse
1061 2667 1113 2727 per

96 2746 196 2820 ealles,
211 2751 241 2804 et
254 2763 387 2802 aversum
401 2743 437 2802 ab
449 2742 538 2802 urbe:
560 2742 586 2800 si
599 2761 705 2820 panone
719 2742 845 2801 misisset
859 2741 963 2802 leviter
977 2751 1111 2824 armatos,

97 2859 186 2920 super
212 2837 309 2914 eapite
335 2837 462 2895 hostium
489 2855 632 2896 evasuros.
676 2835 752 2896 oum
772 2835 926 2895 eonsilium
948 2830 1112 2917 pladuisset,

96 2936 189 2994 iidem
201 2933 338 2992 itinerum
350 2932 470 2991 fuerunt
482 2931 584 2991 duces:
605 2929 687 2989 mille
701 2937 730 2990 et
743 2931 893 3010 quingenti
907 2931 1112 3002 mereede'oon·
1140 2980 1145 2989 .

29 3014 189 3105 itt‘dnoti,
203 3036 233 3088 et
254 3026 379 3106 Agriani
402 3028 463 3087 fere
485 3027 567 3086 mille
591 3027 720 3086 Tauroni
740 3027 886 3086 Praefeeto
906 3027 978 3103 dati,
993 3045 1027 3085 ae
1047 3033 1114 3106 post

97 3126 168 3187 solis
191 3143 322 3183 oooasum
344 3123 403 3181 iter
424 3122 536 3201 ingredi
554 3122 636 3200 jussi.
678 3121 746 3198 lpse
769 3122 857 3180 tertia
881 3114 983 3202 vigilia
1010 3121 1114 3183 eastris

63 3225 67 3231 “
97 3219 195 3294 motis,
223 3217 299 3276 oiroa
330 3217 404 3276 lueis
436 3224 532 3276 ortum
565 3223 751 3294 superaverat
784 3217 948 3296 angustias:
984 3223 1114 3296 caesique

97 3314 223 3398 materie
249 3313 379 3374 oratibus
405 3319 437 3370 et
464 3313 570 3391 pluteis
595 3311 745 3387 faeiendis,
772 3313 875 3390 utqui
903 3319 998 3373 turres
1019 3313 1114 3372 edmo-

98 3418 209 3485 verent,
223 3409 326 3468 *extra
338 3407 392 3466 teli
405 3408 494 3466 iotum
508 3413 612 3482 essent,
632 3407 733 3468 urbem
754 3405 887 3468 obsidere
900 3409 993 3484 eoepit.
1036 3407 1114 3466 Prae·

36 3493 187 3602 &Jempta
210 3509 292 3562 erant
317 3502 419 3576 omnia,
443 3501 522 3562 saxis
545 3507 576 3559 et
596 3500 709 3559 ootibus
734 3501 879 3578 impedita
922 3499 1026 3560 Multis
1046 3502 1113 3578 ergo

99 3601 270 3662 vulneribus
282 3597 405 3677 depulsi,
419 3596 569 3676 atquibus
589 3591 831 3664 nodf-Tdumboste
845 3595 948 3670 solslm,
963 3595 1013 3654 sed
1027 3595 1115 3654 etiam

100 3717 164 3756 eum
184 3697 247 3755 loeo
261 3693 456 3754 dimioandum
476 3700 561 3767 esset,
575 3691 711 3752 subibant
723 3698 844 3767 tamen,
865 3690 932 3769 quia
953 3691 1018 3748 Rex
1038 3689 1115 3749 inter

101 3793 209 3871 primos
242 3791 421 3865 eonstiterat,
453 3788 644 3866 interrogans,
678 3789 749 3844 “tot
782 3787 895 3845 urbium
921 3785 1044 3844 vietores
1077 3804 1115 3844 an

102 3891 301 3952 erubesosrent
322 3885 431 3946 haerere
452 3884 484 3942 in
506 3882 656 3942 obsidione
677 3879 790 3940 castelli
816 3880 913 3959 exigui
929 3887 959 3939 et
980 3879 1115 3958 ignobilis
1158 3907 1161 3916 ·
