2592 4400
176 334 210 392 10
518 351 657 402 Qu1ur1
687 350 826 391 onaan

171 496 255 548 sunt:
278 488 464 550 1'adnutum
483 489 626 549 mouentis
647 488 763 563 intenti,
777 489 859 569 sequi
880 489 972 569 sigua,
987 489 1106 550 ordines
1130 509 1204 552 ser·

81 597 239 652 ewrare
249 585 386 644 didicere.
430 584 515 655 Quod
526 585 987 662 imperatur,omneaexaudiunt:
1003 586 1023 614 ¹⁹
1029 585 1199 662 obsistere,

170 679 330 758 circumire,
345 681 507 740 discurrere
521 679 551 738 in
566 699 663 767 cornu,
674 687 788 738 mutare
801 699 936 757 pugnam,
950 699 1009 738 non
1021 680 1114 740 duces
1128 701 1200 740 ma·
1229 722 1235 732 -

173 776 219 853 gis
232 776 321 854 quiam
337 775 445 834 milites
459 775 481 804 ²⁰
490 775 604 834 callent
647 773 690 832 Et
703 793 740 832 ne
754 774 818 832 anri
837 775 1005 854 argentique
1025 775 1129 835 studio
1147 784 1198 834 te·

63 932 67 940 ,
173 871 237 929 neri
257 877 351 949 putes,
367 870 491 928 ¹1adhue
504 870 556 928 illa
569 869 723 946 discipline
742 876 912 946 paupertate
932 870 1071 948 magistra
1084 871 1194 944 stetit,

170 965 301 1044 fatigatis
323 966 426 1024 humus
451 965 546 1024 cubile
568 970 630 1023 est:
660 965 743 1024 cibus
767 965 886 1042 ”quem
909 971 1058 1042 occupant,
1081 967 1190 1024 satiat

104 1061 193 1130 Μεθ’
204 1061 345 1138 Tempora
359 1061 453 1120 somni
467 1059 592 1118 arctiora
602 1061 692 1137 quim
705 1059 799 1118 noctis
812 1066 888 1118 sunt.
931 1059 954 1118 J
955 1080 1002 1118 am
1016 1061 1037 1089 ’⁴
1046 1060 1193 1120 Thessali

171 1156 282 1234 equites
296 1162 326 1214 et
340 1156 518 1229 Acarnanes,
530 1153 692 1232 AEtolique,
703 1154 812 1213 invicta
824 1153 901 1214 bello
914 1173 1025 1228 manus,
1040 1155 1063 1184 ²⁸
1071 1155 1190 1230 handis,
1208 1181 1221 1205 s
1246 1216 1257 1228 ,

170 1250 264 1326 credo,
279 1257 309 1307 et
322 1251 343 1278 ’⁰
353 1249 445 1308 hastis
459 1249 526 1328 igne
545 1249 666 1323 duratis,
681 1249 878 1325 repellentur?
898 1249 963 1326 pari
982 1250 1086 1310 robore
1108 1268 1191 1328 opus

170 1352 223 1403 est.
265 1344 304 1402 In
323 1345 376 1403 illa
396 1346 484 1416 terri,
499 1341 566 1421 quae'
585 1343 638 1402 hos
658 1344 769 1422 genuit,
790 1342 900 1402 auxilia
920 1343 1077 1422 querenda
1101 1353 1185 1404 sunt.

170 1440 334 1535 Argentum
347 1439 374 1476 ¹⁷
383 1438 462 1498 istud
469 1445 554 1517 atque
560 1459 663 1496 aurum
669 1438 706 1496 ad
714 1438 930 1498 conducendum
939 1439 1061 1498 militem
1069 1441 1186 1505 mitte,'’

113 1533 246 1592 &Erat
262 1533 350 1593 Dario
371 1534 441 1592 mite
456 1553 489 1592 ao
502 1533 656 1593 tractabile
679 1533 836 1611 ingenium,
850 1533 908 1591 nisi
929 1534 1017 1592 etism
1037 1553 1120 1593 suam
1134 1554 1184 1594 na

170 1635 266 1688 turam
281 1630 451 1707 plerumque
472 1629 590 1686 fortuna
609 1633 816 1705 corrumperet.
859 1628 965 1706 Itaque
978 1629 1114 1687 veritatis
1128 1630 1182 1688 im·
1240 1667 1251 1688 .

168 1724 290 1801 patiens,
305 1724 447 1801 hospitem
462 1743 495 1782 ac
509 1722 677 1800 supplicem,
692 1729 761 1781 tunc
781 1724 849 1781 edm
868 1723 995 1782 maxime
1015 1723 1101 1782 utilia
1115 1743 1181 1783 sua·

171 1820 296 1904 dentem,
313 1818 443 1879 abstrahi
459 1818 551 1896 jussit
564 1817 602 1876 ad
616 1817 740 1894 capitale
760 1817 941 1895 supplicium
984 1817 1051 1893 Ille,
1065 1838 1102 1877 ne
1116 1827 1180 1877 tum

169 1898 284 1993 quidem
305 1913 450 1974 libertatis
465 1912 589 1973 oblitus:
612 1916 629 1946 “
641 1913 772 1986 Habeo,''
786 1913 889 1990 iuquit,
903 1916 920 1946 “
929 1920 1062 1990 paratum
1075 1922 1178 1973 mortis

94 2021 240 2078 sameas
253 2010 395 2084 ultorem3
417 2009 563 2087 ²⁸expetet
575 2027 675 2086 peenas
688 2007 743 2066 mei
758 2007 872 2065 consilii
885 2009 977 2085 spreti
989 2008 1016 2066 is
1029 2007 1099 2085 ipse,
1113 2028 1177 2068 cou-

169 2111 216 2162 tra
236 2125 322 2181 quem
344 2104 399 2164 tibi
421 2104 506 2162 suasi.
549 2103 595 2161 Tu
614 2102 732 2181 quidem
753 2102 873 2160 licentii
893 2102 975 2180 regni
998 2110 1058 2160 tam
1079 2104 1176 2163 subito

168 2207 306 2273 mutatus,
319 2200 522 2258 documentum
535 2198 593 2257 eris
607 2198 741 2275 posteris,
753 2198 890 2273 homines,
902 2202 966 2257 oum
976 2217 1007 2257 se
1020 2198 1175 2276 permisere

169 2295 303 2367 fortunae,
319 2294 406 2352 etiam
428 2301 561 2351 naturam
583 2292 759 2351 dediscere.”
801 2292 875 2352 Haeo
889 2294 1101 2367 vociferantem,
1115 2295 1173 2372 qui-

168 2390 222 2450 bus
237 2397 300 2449 erat
313 2389 496 2466 imperatum,
509 2388 652 2466 jugulant.
695 2388 765 2448 Sera
778 2386 883 2446 deinde
902 2388 1074 2465 poenitentia
1086 2389 1173 2449 subiit

96 2517 161 2569 μμ)
168 2485 297 2563 Regem:
319 2504 352 2543 ac
367 2504 436 2543 vere
451 2484 560 2543 dixisse
574 2484 732 2558 confessus,
747 2502 812 2541 euru
826 2483 943 2559 sepeliri
953 2484 1050 2561 jussit

228 2580 291 2638 III.
314 2583 340 2639 6.
364 2579 533 2656 Thymodes
554 2585 617 2637 erat
639 2578 784 2637 Mentoris
804 2578 891 2652 filius,
906 2578 1028 2656 impiger
1049 2579 1170 2654 juvenis,

170 2676 217 2733 eui
237 2682 414 2752 praeceptum
431 2681 476 2733 est
489 2694 506 2731 a
520 2673 619 2753 Rege3
640 2680 676 2731 ut
689 2691 788 2731 omnes
809 2672 993 2752 ¹peregrinos
1013 2674 1127 2746 milites,
1141 2674 1170 2731 in

167 2771 249 2849 queis
268 2770 429 2848 plurimum
448 2769 573 2829 habebat
594 2769 663 2846 spei,
678 2790 696 2826 a
710 2768 896 2828 Pharnabazo
916 2768 1066 2845 acciperet,
1081 2772 1163 2845 opert

169 2852 269 2938 eurum
283 2883 389 2925 usurus
403 2864 434 2922 iu
448 2850 547 2925 bello.v
576 2863 640 2940 Ipsi
662 2863 851 2922 Pharnabazo
871 2862 995 2921 tradidit
1014 2863 1167 2939 imperium,

92 2961 246 3045 ‘afqucd
262 2967 347 3019 antea
362 2958 652 3048 Memnonidederat.
694 2957 826 3016 Anxium
840 2957 876 3016 de
890 2957 1067 3016 instantibus
1087 2959 1166 3034 curis,

168 3056 318 3133 agitabant
340 3055 427 3113 etiam
450 3074 502 3131 per
522 3068 652 3112 somnum
673 3053 805 3130 ’species
825 3052 1037 3111 imminentium
1060 3050 1222 3113 rerum:⁹··

167 3150 228 3209 sive
243 3149 310 3207 illae
324 3148 477 3227 aegritudo,
490 3148 549 3207 sive
560 3147 700 3207 divinatio
711 3147 799 3205 animi
813 3146 1012 3226 praeeagientis
1026 3148 1164 3207 'accersit

169 3244 272 3305 Castra
287 3242 452 3303 Alexandri
472 3262 575 3322 magno
589 3242 794 3323 ignisfulgore
814 3243 956 3301 collucere
970 3243 998 3301 ei
1011 3243 1076 3303 visa
1096 3251 1163 3319 suut,

165 3347 195 3399 et
209 3341 297 3418 pauld
311 3346 378 3417 post
391 3338 581 3397 ⁴Alexander
596 3338 700 3397 adduci
715 3339 752 3397 cd
766 3338 860 3414 ipsum
874 3338 904 3397 in
915 3357 949 3396 eo
960 3338 1050 3397 vestis
1063 3338 1177 3414 habitu}

93 3437 176 3501 m·
185 3456 242 3514 quo
256 3436 319 3513 ipse
333 3434 453 3493 fuisset:
476 3452 548 3511 equo
570 3432 674 3491 deiude
693 3452 746 3511 per
760 3432 939 3510 Babylonem
953 3440 1062 3507 vectus,
1077 3432 1163 3494 eubitd

165 3550 230 3589 cum
253 3531 316 3607 ipso
338 3548 412 3607 equo
433 3529 525 3587 oculis
547 3548 609 3587 esse
633 3528 801 3587 subductus.
844 3528 895 3586 Ad
914 3528 977 3587 haec
995 3530 1189 3587 vatesvarit‘·
1271 3595 1273 3604 Ι

164 3625 403 3702 interpretatione
427 3625 547 3683 'curem
571 3623 798 3682 distrinxerunt:
819 3623 871 3680 alii
895 3623 1023 3681 “laetum
1043 3623 1074 3681 id
1097 3622 1159 3700 Regi

163 3721 308 3779 somnium
333 3720 425 3793 esse,'’
450 3719 593 3792 dicebant,
609 3722 626 3753 “
646 3719 724 3796 quod
747 3725 844 3777 castra
869 3718 997 3776 hostium
1022 3718 1159 3793 arsissent,

163 3814 243 3893 quod
258 3813 460 3873 Alexandrum
480 3813 612 3891 deposita
633 3813 715 3891 regia
728 3819 820 3888 veste,
834 3813 866 3872 in
880 3813 1001 3872 Persico
1015 3821 1046 3871 et
1059 3813 1190 3893 vulgariu
1264 3871 1270 3902 ς
