2592 4400
418 393 541 434 urana
572 393 624 433 vr.
656 392 741 433 car.
773 392 798 434 1.
1057 374 1108 431 lli

97 533 275 611 excipiebat,
287 533 427 609 'corpore
440 531 498 590 alia
510 530 629 607 vitabat,
641 532 732 591 donec
745 530 830 590 hasta
850 532 960 591 femora
973 530 1111 610 perfossa,

97 627 226 705 plurimo
240 626 381 706 sanguiue
394 628 494 698 effuso,
509 627 668 685 destituere
690 634 873 705 pugnantem.
917 626 997 705 Ergb
1012 626 1111 704 clypeo

97 742 152 781 suo
167 729 321 799 exceptum
335 721 470 801 armigeri
481 725 588 798 raptim
597 722 733 779 incastra
742 722 913 799 referebant,
924 721 1113 799 jactationem

97 817 253 875 vulnerum
266 816 344 875 haud
357 817 443 875 facile
455 817 636 875 tolerantem.

161 916 190 970 2.
212 912 280 970 Non
293 919 390 969 tamen
414 912 538 970 omisere
560 910 773 971 Lacedaemonii
796 930 937 990 pugnam
960 918 990 970 et
1009 918 1044 970 ut
1058 910 1114 988 pri·

97 1008 185 1063 mrim
210 1006 275 1080 sibi,
298 1007 388 1083 quam
411 1005 490 1063 hosti
514 1004 689 1083 ⁴aequiorem
713 1006 809 1063 locum
824 1024 923 1082 capere
943 1012 1111 1083 potnerunt,

99 1102 231 1161 densatis
258 1102 409 1161 ordinibus
442 1102 535 1176 effusi,
563 1103 700 1160 fluentem
728 1102 758 1159 in
786 1121 817 1163 se
844 1102 934 1161 aciem
964 1102 1111 1178 excepere.

99 1198 192 1273 *Nou
213 1197 293 1255 aliud
315 1197 470 1255 discrimen
484 1198 684 1256 vehementius
704 1198 795 1255 fuisse
808 1198 953 1256 memoriae
966 1197 1114 1275 proditum

98 1300 153 1352 est.
199 1292 330 1351 Duarum
354 1292 597 1352 nobilissimarum
624 1292 702 1352 bello
725 1292 856 1372 gentium
880 1293 1024 1351 exercitus
1050 1292 1115 1370 pari

98 1395 196 1446 marte
220 1387 395 1465 pugnabant
450 1386 666 1445 Lacedaemonii
698 1394 806 1462 vetera,
835 1386 1009 1445 Macedones
1043 1406 1113 1465 prae·

99 1482 198 1541 sentia
212 1481 317 1539 deeora
328 1480 524 1540 intuebantur.
567 1480 620 1540 Illi
643 1500 695 1559 pro
716 1482 858 1557 libertate,
873 1482 903 1541 hi
923 1501 975 1559 pro
990 1481 1113 1541 domina-

100 1578 184 1635 tione
216 1576 402 1653 pugnabant:
438 1575 666 1635 Lacedaemoniis
699 1575 768 1651 dux,
797 1576 1004 1637 Macedonibus
1034 1576 1115 1634 locus

101 1672 214 1730 deerat.
256 1670 325 1728 Diei
338 1689 451 1748 quoque
463 1670 551 1727 unius
564 1676 624 1727 tam
644 1670 799 1748 multiplex
819 1690 912 1769 casup,
926 1670 1012 1729 modd
1026 1689 1114 1747 spem,

99 1767 190 1825 modd
213 1773 323 1823 metum
346 1764 498 1843 utriusque
521 1764 614 1841 partis
638 1766 775 1843 augebat:
807 1766 890 1823 velut
912 1765 948 1823 de
970 1764 1116 1823 industria

101 1862 180 1918 inter
193 1860 369 1918 fortissimos
383 1859 459 1916 viros
481 1866 626 1917 certamen
640 1867 773 1937 aequante
793 1859 919 1918 fortuna.
963 1856 1116 1933 (laetarum,

101 1956 246 2034 angustiae
267 1954 332 2028 loci,
346 1955 377 2012 iu
398 1973 455 2032 quo
469 1954 611 2014 ‘haeserat
634 1974 739 2033 pugna,
761 1973 818 2012 non
841 1954 1026 2032 patiebantur
1047 1953 1117 2012 totis

102 2050 243 2127 congredi
269 2050 389 2108 viribus.
443 2048 620 2126 Spectabunt
647 2050 716 2126 ergo
743 2048 851 2127 plures,
879 2069 965 2127 quam
993 2050 1118 2108 inierant

102 2145 257 2225 praelium:
278 2152 310 2204 et
335 2145 387 2224 qui
411 2152 495 2203 extra
520 2144 573 2203 teli
598 2146 710 2221 jactum
733 2152 824 2220 erant,
849 2145 971 2205 clamore
995 2146 1118 2206 invicem

103 2261 175 2301 suos
210 2241 412 2300 accendebant.
469 2240 600 2299 Tandem
632 2240 780 2300 Laconum
814 2241 890 2302 acies
924 2242 1117 2320 languescere,

103 2337 219 2396 lubrica
240 2356 320 2394 arma
343 2335 448 2395 sudore
471 2336 521 2394 vix
546 2335 712 2412 sustinens;
744 2336 847 2414 pedem
876 2337 981 2395 deindd
1007 2339 1118 2395 referre

102 2432 195 2510 coepit
207 2450 249 2506 ac,
262 2439 385 2508 urgente
398 2432 490 2504 hoste,
506 2432 606 2508 apertd
619 2431 727 2508 fugere.
770 2430 982 2510 Insequebatur
1003 2432 1120 2509 dissipa·
1140 2452 1143 2458 ·

103 2536 154 2587 tos
166 2527 270 2598 victor,
284 2533 314 2584 et
329 2545 462 2584 emensus
475 2545 562 2584 cursu
576 2545 659 2585 omne
682 2526 817 2604 spatium,
832 2528 910 2605 quod
934 2528 1009 2586 acies
1032 2527 1119 2586 Laco·

103 2642 178 2681 num
192 2621 366 2695 obtinuerat,
381 2621 476 2698 ipsum
490 2621 579 2700 Agim
602 2621 837 2700 persequebatur.
881 2621 949 2696 Ille,
963 2630 998 2680 ut
1021 2624 1120 2698 fugam
1199 2674 1205 2684 .

104 2736 237 2790 suorum,
261 2723 293 2774 et
314 2717 462 2793 proximos
486 2716 614 2774 bostium
637 2717 797 2794 conspexit,
823 2717 928 2794 deponi
953 2736 983 2776 se
1011 2718 1120 2794 jussit:
1166 2706 1206 2740 ὐ

105 2800 304 2891 expertusque
327 2812 465 2885 membra,
480 2831 516 2869 au
539 2813 679 2888 impetum
694 2812 783 2869 animi
796 2813 878 2890 sequi
898 2819 1025 2892 possent,
1046 2819 1121 2888 post-

105 2929 197 2988 quam
221 2907 341 2966 deficere
369 2907 468 2981 sensit,
497 2908 677 2984 'poplitibus
701 2914 792 2965 semet
819 2908 950 2984 excepit:
981 2907 1122 2986 galeaque

107 3003 227 3064 strenue
252 3005 377 3079 sumpta,
412 3002 513 3080 clypeo
539 3009 695 3082 protegens
729 3019 840 3079 corpus,
868 3003 982 3062 hastam
1016 3003 1122 3061 dextra

107 3099 255 3172 vibrabat,
269 3098 367 3156 ⁸ultrb
381 3117 485 3157 vocaus
508 3098 621 3156 bostem
645 3099 671 3156 si
691 3099 755 3176 quis
774 3099 883 3176 jacenti
903 3099 995 3176 spolia
1010 3099 1124 3158 demere

108 3194 242 3254 auderet.
294 3192 358 3251 Nec
380 3193 533 3271 quisquam
556 3193 624 3267 fuit,
647 3194 699 3270 qui
723 3195 883 3252 sustineret
906 3195 1038 3254 comimls
1062 3215 1124 3254 con·

109 3289 204 3369 gredi.
247 3287 355 3354 Procul
367 3288 528 3348 missilibus
550 3288 749 3366 appetebatur,
764 3309 798 3348 ea
821 3289 884 3367 ipsa
905 3290 935 3347 in
957 3290 1070 3348 hostem
1083 3309 1125 3348 re·

110 3395 262 3462 torquens,
276 3383 367 3442 donec
380 3382 481 3441 lancea
493 3383 572 3441 nudo
583 3384 694 3460 pectori
703 3384 791 3442 infixa
802 3391 862 3444 est:
884 3389 943 3464 qut
957 3405 994 3444 ex
1007 3384 1126 3444 vulnere

112 3479 225 3554 evulsi,
248 3478 418 3538 inclinatum
442 3497 475 3536 ac
498 3477 635 3536 deficiens
657 3486 744 3556 caput
766 3480 866 3557 clypeo
888 3481 1036 3558 paulisper
1061 3479 1127 3537 ⁰ex-

113 3575 202 3654 cepit.
232 3573 369 3648 Deinde,
383 3573 532 3652 linquente
556 3574 672 3651 spiritu,
693 3575 804 3652 pariter
828 3595 861 3633 ao
884 3574 1031 3652 sanguine,
1046 3574 1128 3632 mori·

114 3671 233 3734 bundas
247 3670 277 3727 in
291 3689 371 3727 arma
384 3669 547 3746 procubuit.

177 3771 203 3825 3.
228 3764 368 3825 Occidere
391 3761 675 3822 Lacedaemoniorum
689 3765 814 3843 quinque
836 3763 927 3821 millia
947 3769 977 3822 et
998 3783 1073 3822 cco:
1095 3784 1131 3822 ex

119 3861 331 3924 Macedonibus
354 3859 432 3918 haud
455 3858 583 3936 amplius
602 3859 691 3917 mille.
735 3857 883 3918 Caeterum
907 3858 957 3918 vix
980 3859 1132 3939 quisquam

1057 4133 1077 4183 b
