2592 4400
437 362 558 403 traua
588 362 621 403 x.
653 362 739 405 oar.
770 363 813 403 11.
887 334 891 341 ’
1077 348 1132 409 251

112 500 203 559 vobis
216 518 414 578 conceperam,
436 500 557 560 damno:
578 521 633 561 neo
653 507 688 561 ut
709 521 774 561 cum
797 502 940 563 militibus
963 503 1036 563 meis
1057 503 1135 581 (jan

112 595 191 653 enim
206 614 271 654 esse
292 596 463 675 destitistis)
484 596 545 670 sed,
566 603 601 654 ut
615 616 681 655 cnm
700 597 904 675 ingratissimis
925 598 1029 676 operis,
1049 619 1134 679 agere

113 690 238 748 decrevi.
282 690 425 750 Secundis
433 691 529 764 rebus,
539 712 605 769 quas
615 692 818 751 circumfluunt
828 712 888 768 vos,
901 693 1027 753 insanire
1036 695 1133 772 cospis-

112 784 162 856 tis,
177 785 265 844 obliti
279 789 378 843 statiis
392 788 456 861 ejus
465 806 557 865 ,quem
571 787 709 846 beneficio
725 788 848 847 exuistis
862 807 945 847 meo:
967 774 1057 868 Digni
1071 792 1132 849 her·

111 879 179 939 culs
194 880 289 959 quiin
310 880 412 939 eodem
433 882 663 957 consenescatis3
685 882 821 960 quoniam
845 883 960 943 facilius
984 892 1030 943 est
1050 886 1132 945 vobis

110 974 267 1036 adversam
279 978 368 1055 qudm
382 976 540 1034 secundam
554 996 655 1055 regere
677 977 853 1035 fortunam.''

171 1073 190 1104 “
202 1071 251 1129 En
265 1070 399 1129 tandem!
422 1072 593 1150 Illyriorum
606 1072 694 1149 pauld
708 1072 776 1131 ante
791 1078 820 1130 et
834 1072 991 1131 Persarum
1012 1074 1131 1133 tributa·

109 1165 174 1239 riis,
189 1166 266 1224 Asia
279 1175 310 1225 et
324 1174 369 1225 tot
381 1168 513 1246 gentium
528 1166 622 1245 spolia
635 1166 754 1225 fastidio
766 1176 841 1227 sunt.
885 1164 977 1227 Medd
992 1168 1045 1228 sub
1061 1168 1131 1227 Phi·

110 1260 192 1339 lippo
221 1262 389 1337 seminudis,
411 1263 536 1321 amicula
559 1284 596 1321 ex
620 1266 751 1343 purpurt
773 1264 791 1291 ¹⁶
802 1263 928 1322 sordent.
972 1264 1087 1323 Aurum
1102 1271 1132 1323 et

108 1364 265 1436 argentum
279 1358 355 1416 oculi
370 1359 446 1417 ferre
460 1378 518 1417 non
531 1366 661 1435 possunt.
714 1358 826 1437 Lignea
837 1360 913 1418 anim
927 1380 997 1419 vasa
1019 1360 1131 1419 deside·

108 1461 187 1526 rant,
203 1462 233 1512 et
257 1474 295 1512 ex
317 1455 445 1515 cratibus
467 1463 560 1530 scuta,
579 1454 799 1534 robiginemque
821 1455 993 1533 gladiorum.
1036 1456 1130 1516 ΠΗοῡ

108 1549 194 1608 cultu
207 1550 336 1609 nitentes
348 1569 402 1609 ros
415 1551 521 1627 accepi,
537 1558 567 1609 et
580 1550 739 1629 quingenta
753 1550 863 1633 talentu
873 1551 941 1610 aeris
950 1551 1046 1626 alieni,
1061 1555 1130 1610 culm

108 1645 206 1703 omnis
221 1646 302 1724 regia
316 1646 447 1722 supellex
462 1645 539 1704 haud
553 1645 676 1722 amplius
689 1647 779 1725 quam
790 1644 941 1725 sexaginta
955 1646 1130 1705 talentorum

108 1749 199 1812 esset,
215 1761 345 1799 meorum
355 1760 475 1819 operum
488 1741 700 1817 fundamento,
721 1742 827 1820 quibus
841 1748 940 1799 tamen
954 1740 987 1817 (¹⁸
998 1741 1074 1802 absit
1088 1742 1129 1799 in·

107 1836 202 1914 vidia)
218 1836 372 1913 imperium
381 1836 519 1895 maxima
532 1842 679 1895 terrarum
692 1836 783 1913 partis
797 1835 950 1913 imposui.'’

171 1934 188 1963 “
201 1930 320 1989 Asiaene
333 1939 490 2009 pertaesum
511 1937 565 2003 est,
586 1950 652 2009 quas
671 1949 723 1989 vos
746 1930 841 2007 glorit
860 1950 958 1987 rerum
980 1936 1128 2009 gestarum

109 2026 176 2085 Diis
190 2045 275 2103 pares
289 2026 384 2085 fecit?
426 2026 462 2084 In
477 2026 626 2103 Europam
639 2027 687 2103 iro·
705 2025 876 2103 properatis,
897 2024 980 2103 Rege
1004 2025 1127 2101 deserto,

108 2125 175 2179 ciam
183 2121 316 2200 pluribus
326 2126 459 2182 vestrrim
470 2121 638 2180 defuturum
646 2120 784 2179 viaticum
792 2121 891 2193 fuerit,
902 2124 934 2178 ni
950 2140 991 2181 aes
1000 2120 1127 2181 alienum

106 2218 237 2292 luissem,
260 2218 390 2294 ¹'nempd
411 2238 449 2276 ex
463 2217 599 2275 Asiatiot
612 2216 721 2293 praedt.
765 2217 828 2276 Neo
848 2217 940 2294 pudet
953 2217 1126 2294 ²⁰profundo

108 2321 211 2370 ventre
225 2312 404 2371 deuictarum
417 2312 547 2388 gentium
561 2312 655 2389 spolia
668 2311 913 2386 circumferentes,
925 2312 1036 2370 reverti
1050 2311 1126 2372 velle
1169 2315 1171 2319 ’

108 2409 147 2467 ad
167 2408 275 2468 liberos
288 2409 490 2486 conjugesque,
504 2407 611 2486 quibus
624 2408 709 2487 pauci
724 2407 842 2484 praemia
854 2408 986 2468 victorius
1000 2407 1124 2486 potestis

108 2504 269 2563 ostendere.
312 2503 390 2561 Nem
403 2511 583 2576 coeterorum,
598 2501 668 2560 dum
682 2503 769 2560 etiam
794 2502 854 2580 spei
879 2510 986 2572 vestrae¹
1009 2503 1125 2563 obviem

108 2599 167 2673 itis,
182 2619 262 2657 mma
274 2599 388 2677 quoque
401 2597 516 2676 pignori
530 2603 606 2655 sunt.
650 2597 670 2624 ²¹
682 2597 774 2656 Bonis
794 2599 864 2656 verb
885 2598 1029 2658 militibus
1050 2599 1122 2656 cari·

108 2704 193 2754 turus
208 2715 280 2768 sum,
295 2694 431 2772 pellicum
446 2713 566 2751 suarum
580 2693 767 2768 concubinis,
790 2693 897 2772 quibus
912 2693 965 2752 hoc
980 2693 1073 2752 solum
1088 2712 1124 2752 ex

75 2848 83 2859 ,
108 2791 199 2849 tantis
214 2789 316 2867 opibus
330 2797 470 2866 superest,
485 2788 516 2846 in
530 2787 608 2866 quod
621 2788 826 2865 impenditur.’'

168 2885 328 2944 “Proinde
342 2884 522 2962 fugientibus
536 2903 581 2941 me
596 2891 715 2960 pateant
736 2882 851 2940 limites.
895 2880 1042 2940 Facessite
1056 2880 1123 2942 hinc

107 2982 199 3042 oeirls.
237 2980 309 3059 Ego
323 2999 389 3038 cnm
404 2979 504 3037 Persis
517 2978 687 3038 abeuntium
701 2984 783 3054 terga
799 2976 925 3036 tutabor.
967 2963 1123 3036 Neminem

108 3085 212 3136 teneo:
233 3075 355 3136 liberate
379 3074 479 3134 oculos
504 3093 592 3148 meos,
616 3072 807 3152 ingratissimi
834 3072 920 3131 cives.
963 3072 1042 3132 Laeti
1069 3091 1122 3132 vos

106 3172 253 3248 excipient
280 3178 415 3247 parentes
439 3170 590 3248 liberique,
617 3170 680 3228 sius
708 3175 804 3228 vestro
832 3167 916 3247 Rege
947 3162 1121 3228 redeuntes!

107 3269 225 3328 obviem
249 3266 333 3326 ibunt
355 3266 551 3325 desertoribus
573 3263 807 3343 transfugisquel
850 3264 1046 3342 Triumphabo
1067 3283 1122 3322 me·

107 3361 227 3423 hercule
242 3362 277 3420 de
298 3362 370 3439 fagt
383 3365 500 3420 vestrl:
522 3368 553 3418 et
573 3359 749 3439 ubicumque
763 3379 821 3434 ero,
836 3360 857 3387 ²²
868 3367 1001 3438 expetam
1015 3377 1120 3435 paenas,

107 3459 171 3534 hos,
184 3477 250 3516 cum
264 3457 370 3536 quibus
384 3477 431 3514 me
444 3456 619 3534 relinquitis,
634 3455 764 3532 colendo,
780 3455 1017 3538 pmferendoque
1031 3452 1120 3512 vobis.

107 3554 178 3613 Jam
192 3560 290 3612 autem
304 3552 412 3626 scietis,
428 3559 458 3609 et
471 3559 614 3630 quantum
628 3551 690 3608 sine
705 3550 788 3628 Rege
803 3549 898 3608 valeat
922 3548 1077 3619 exercitus,
1093 3553 1123 3604 et

107 3650 179 3729 quid
193 3650 257 3726 opis
271 3648 302 3705 iu
315 3668 361 3705 me
375 3666 433 3704 uno
448 3646 516 3705 sit.’'
566 3644 696 3704 Desiluit
711 3645 816 3703 deinde
830 3642 967 3702 frendens
983 3641 1018 3699 da
1034 3641 1121 3701 tribu·

107 3744 175 3818 usli,
200 3749 231 3800 et
255 3741 285 3798 in
309 3740 436 3798 medium
457 3747 635 3798 armatorum
660 3758 761 3816 agmen
786 3757 817 3796 se
837 3735 974 3810 immisit,
998 3742 1123 3792 notatos·

108 3859 173 3920 que,
186 3838 239 3918 qui
252 3824 433 3896 ferocissimis
448 3836 577 3901 oblocuti
598 3842 689 3906 erant,
712 3833 842 3911 singulos
859 3849 945 3889 manu
965 3828 1121 3906 corripuit:
