2592 4400
385 419 506 461 niara
537 420 605 461 νη.
636 420 722 461 ear.
761 422 804 463 rr.
1046 408 1101 469 14⁷

82 556 183 617 oiliati
196 556 286 617 animi
307 557 353 617 tui
373 557 506 636 pignus.”
547 557 692 618 Goncione
706 557 811 619 deinde
833 560 961 637 dimissi,
976 560 1100 641 Polyda·

81 660 188 711 manta
200 653 298 711 vocari
316 653 407 730 jubet.
459 652 561 731 Longd
583 653 800 731 acceptissimus
822 655 1008 715 Parmenioni
1028 664 1100 733 erat,

82 748 239 825 proximus
253 748 339 806 lateri
352 748 382 806 in
396 748 456 806 acie
470 756 548 807 stare
562 748 673 807 solitus.
727 748 769 807 Et
782 770 945 829 quenquam
958 753 1100 811 conscien·
1140 776 1144 781 ·

82 842 130 899 ria
157 842 252 901 fretus
275 843 306 901 in
327 842 435 919 regiam
460 848 596 918 venerat3
625 851 723 901 tamen
746 851 781 901 ut
799 846 899 919 jussus
920 853 965 904 est
994 847 1100 907 fratres

83 956 158 997 snos
171 937 307 997 exhibere
321 937 479 997 admoddm
499 940 630 1013 juvenes,
645 944 676 996 et
690 937 767 1016 Regi
789 938 903 1015 ignotos
916 940 953 999 ob
973 948 1098 1017 aetatem,

81 1033 196 1092 fidncia
219 1033 249 1090 in
271 1032 496 1093 sollicitudinem
508 1034 602 1108 reret,
617 1032 764 1109 trepidare
785 1032 889 1110 ooepit;
912 1036 1020 1112 saepide
1034 1056 1100 1115 quae

82 1147 191 1186 nocere
213 1136 340 1205 possent,
355 1128 443 1205 quim
463 1127 569 1205 quibus
591 1126 729 1201 eluderet,
744 1134 889 1206 reputans.
932 1128 955 1189 J
956 1150 1002 1188 am
1016 1132 1100 1191 armi·

81 1222 148 1300 geri
170 1222 278 1301 quibus
301 1222 476 1298 imperatum
497 1228 571 1295 erat,
586 1220 797 1298 ·prodnxerant
823 1241 882 1298 eos,
905 1225 973 1281 crim
1001 1244 1099 1283 exsan-

82 1338 173 1395 guem
195 1325 277 1377 metu
299 1315 644 1394 Polydamantapropiis
667 1316 803 1377 accedere
822 1318 926 1395 jubet:
948 1319 1099 1381 submotis·

82 1433 142 1491 que
156 1412 299 1485 omnibns,
320 1415 336 1446 “
347 1411 489 1485 Scelere,''
503 1411 608 1489 inquit,
623 1415 640 1444 “
652 1410 853 1473 Parmenionis
868 1432 966 1473 omnes
989 1416 1100 1493 pariter

83 1508 211 1584 appetiti
237 1525 354 1566 sumna:
388 1506 514 1565 maxime
540 1525 593 1583 ego
620 1525 654 1563 ac
680 1512 722 1579 tu,
744 1526 816 1585 qnos
843 1508 979 1569 amicitiae
1006 1510 1100 1588 specie

83 1601 214 1660 fefellit:
243 1602 281 1660 ad
301 1621 386 1679 quem
405 1600 635 1678 persequendum
655 1600 888 1679 puniendumque
912 1603 991 1679 (vide
1014 1624 1100 1683 quau·

85 1702 152 1753 tum
167 1695 238 1755 ndei
259 1702 318 1753 tuae
331 1694 458 1773 credam)
473 1701 503 1753 te
513 1695 649 1753 ministro
671 1695 715 1753 uti
737 1696 836 1753 statui.
880 1696 1015 1772 Obsides,
1030 1695 1100 1757 dum

85 1792 141 1851 hoc
169 1792 295 1869 peragis,
322 1798 408 1850 erunt
428 1792 534 1849 fratrea
554 1791 607 1849 tui.
649 1789 838 1850 Proficiscere
860 1791 890 1849 in
912 1792 1049 1867 Mediam,
1070 1802 1100 1853 et

85 1886 123 1943 ad
138 1886 303 1945 Praefectos
315 1904 395 1943 meos
408 1885 522 1943 litteras
541 1884 665 1962 scriptas
679 1904 765 1943 manu
785 1888 851 1943 met
864 1886 969 1962 perier.
1012 1886 1101 1946 Velo-

86 1981 178 2039 citate
192 1999 266 2058 opus
280 1988 333 2053 est,
353 1983 412 2058 qut
426 1980 605 2039 celeritatem
625 1980 711 2039 famae
723 1978 885 2038 antecedas.
929 1979 958 2037 N
960 1987 1026 2039 octa
1039 2000 1099 2057 per·

86 2068 188 2135 venire
210 2083 241 2135 te
263 2075 335 2133 illuc
357 2075 441 2151 volo,
462 2080 578 2151 postero
602 2074 649 2132 die
668 2094 735 2153 quae
756 2074 865 2152 scripta
887 2082 973 2133 erunt
987 2076 1099 2155 exequi.

87 2171 137 2232 Ad
163 2170 387 2232 Parmenionem
406 2189 520 2250 quoqne
544 2169 682 2248 epistolas
702 2169 797 2230 feres:
817 2190 904 2230 unam
925 2189 942 2229 a
962 2190 1016 2246 me,
1032 2172 1102 2231 alte·

86 2285 149 2326 ram
174 2265 305 2326 Philotae
326 2265 442 2324 nomine
464 2265 609 2342 scriptam.
653 2264 775 2344 Signum
789 2266 888 2324 annuli
908 2267 971 2343 ejus
985 2266 1016 2325 in
1036 2270 1102 2326 mea

88 2368 235 2439 potestate
257 2368 311 2420 est
353 2359 402 2420 Sio
425 2367 516 2437 pater,
530 2359 649 2420 credens
671 2379 689 2418 a
709 2359 770 2420 filio
784 2361 965 2438 impressum,
986 2364 1051 2420 cim
1071 2368 1102 2422 te

88 2456 207 2531 viderit,
221 2455 448 2514 nihil-metnet’'

145 2555 175 2610 6.
198 2550 376 2628 Polydamas
388 2557 470 2609 tanto
483 2549 624 2611 liberatus
638 2556 727 2624 metu,
741 2550 898 2629 impensius
912 2551 1000 2610 etiam
1014 2552 1102 2632 quim

89 2647 270 2726 exigebatur,
291 2645 437 2724 premittit
458 2665 583 2723 operam
635 2644 883 2724 Collaudatusque
904 2653 933 2704 et
951 2646 1103 2723 promissis

89 2748 237 2816 oneratus,
264 2741 398 2818 deposita
420 2748 502 2799 veste
528 2760 615 2819 quam
639 2740 775 2815 habebat,
803 2740 933 2800 Arabici.
960 2741 1101 2800 induitur.

90 2837 155 2897 Duo
181 2836 305 2911 Arabes,
330 2857 453 2915 quorum
477 2837 596 2896 interim
620 2839 758 2914 conjuges
780 2855 813 2894 ac
837 2836 933 2910 liberi,
956 2836 1102 2894 vinculum

89 2932 165 3007 idei,
180 2932 298 2992 obsides
319 2931 397 3009 apud
416 2931 529 3008 Regem
547 2938 637 3005 erant,
653 2930 715 2988 dati
738 2931 867 2989 comites.
910 2930 968 2989 Per
988 2930 1104 2992 deserta

90 3028 177 3087 etiam
190 3028 230 3088 ob
243 3028 403 3086 siccitatem
425 3028 497 3101 loca,
511 3027 631 3086 camelis
652 3026 806 3085 undecimi
828 3025 884 3101 die,
899 3027 957 3106 qud
980 3026 1103 3086 destina·

90 3131 181 3199 reret,
205 3123 383 3201 perveniant.
438 3122 480 3180 Rt
502 3123 586 3200 pride
613 3123 702 3200 quam
730 3122 821 3198 ipsius
848 3122 1034 3182 nunciaretur
1055 3122 1103 3183 ad·

91 3222 319 3294 uentus,rursi1a
342 3217 517 3296 Polydamas
530 3224 641 3276 restem
664 3217 882 3276 Macedonicam
905 3218 1003 3294 sumit,
1024 3225 1054 3277 et
1073 3219 1104 3277 in

93 3313 306 3374 tabernaculum
322 3312 460 3374 Cleandri
474 3313 601 3389 (Praetor
620 3311 667 3370 lrio
681 3312 779 3391 regius
794 3316 869 3391 erat)
883 3318 989 3391 quarti
1002 3314 1105 3390 vigilie

92 3410 230 3486 pervenit
273 3407 412 3468 Redditis
433 3408 539 3466 deinde
560 3403 675 3482 litteris,
690 3408 906 3466 constituerunt
927 3409 1020 3487 prime
1040 3409 1105 3468 luco

94 3505 129 3562 ad
155 3504 378 3564 Parmenionem
410 3504 498 3562 coire.
555 3502 689 3581 Namque
717 3503 815 3562 caeteri
835 3522 971 3582 quoque,
998 3503 1106 3581 quibus

94 3597 215 3660 litterae¹
228 3599 321 3676 Regis
343 3599 494 3673 attulerat,
520 3598 558 3656 ad
582 3617 649 3656 eum
672 3599 789 3657 venturi
813 3605 902 3656 erant.
946 3597 968 3655 J
971 3616 1015 3654 am
1037 3597 1105 3657 Par·

96 3697 219 3754 menioni
232 3695 447 3772 Polydamanta
458 3693 572 3754 venisse
584 3693 811 3752 nunciaverunt:
834 3692 884 3770 qui
905 3691 976 3749 dum
990 3691 1107 3751 laetatur

97 3789 219 3850 dventu
242 3790 337 3866 amici,
361 3790 504 3867 simulque
525 3787 672 3860 noscendi,
686 3806 752 3865 qum
776 3786 843 3844 Rex
871 3791 979 3864 ageret,
1005 3787 1108 3846 avidus

99 3882 214 3963 (quippe
237 3885 325 3964 longo
348 3883 503 3944 intervallo
516 3881 626 3941 nnllam
652 3881 741 3940 ab'eo
764 3879 917 3957 epistolam
946 3885 1107 3961 acceperat)
