2592 4400
410 376 531 416 nmen
562 376 622 415 111.
656 376 741 415 eur.
763 377 832 415 x11.
1091 361 1129 418 27

117 521 191 580 tuus
211 513 386 574 discriminis
411 513 522 589 fuisset,
550 513 738 592 requirebant.
794 513 946 594 Negabant
971 535 1002 575 ss
1021 521 1129 593 captas,

119 608 146 668 si
160 609 271 669 viveret
284 609 359 666 Rex.
401 607 459 670 Sed
484 608 574 683 illum,
589 627 675 686 equos
695 609 814 668 subinde
833 616 1002 684 mutantem,
1016 609 1130 687 longi-bs

117 703 189 782 fuga
203 703 368 762 abstulerat.
411 701 449 760 In
463 703 522 760 asie
536 709 631 760 sutem
643 704 665 731 ²⁵
673 723 746 762 oaesa
759 713 826 762 sunt
835 705 987 763 Persarum
1000 705 1131 781 peditum

119 801 233 856 eentum
257 798 364 856 millia:
387 798 482 864 decem
501 802 571 856 verb
593 797 686 856 millia
705 798 854 858 interfecta
874 800 1008 878 equitum.
1050 800 1131 858 Ata
1167 843 1207 884 'u

58 901 203 970 serpente
229 892 391 960 Alexandri
415 899 537 970 quatuor
563 899 593 950 et
619 893 770 971 quingenti
789 895 878 953 saucii
900 895 989 970 fuere,
1010 894 1132 973 triginta

119 988 233 1046 omnino
254 994 283 1046 et
302 987 359 1046 duo
380 1007 416 1045 ex
435 987 581 1063 peditibus
594 987 749 1050 desiderati
769 995 847 1064 sunt,
867 989 996 1066 equitum
1017 997 1130 1048 eentum

117 1081 326 1160 quinquaginta
352 1081 505 1142 interfecti.
561 1081 685 1142 Tantulo
713 1082 858 1160 impendio
883 1084 983 1162 ingena
1010 1084 1132 1143 viatoria

118 1176 208 1236 stetit.

180 1271 257 1330 XII.
282 1273 327 1332 30.
349 1271 425 1348 Rex,
439 1271 489 1350 qui
505 1271 554 1331 diu
567 1271 689 1332 Darium
701 1273 893 1351 persequendo
906 1274 1046 1352 fatigatus
1059 1280 1131 1347 erat,
1165 1329 1170 1341 ,

44 1367 272 1452 [Μοεὺφωω
296 1373 326 1424 et
349 1387 407 1424 nox
428 1367 588 1443 appetebat,
610 1375 641 1426 et
663 1387 728 1426 eum
754 1369 943 1447 consequendi
971 1372 1055 1447 ¹spes
1074 1389 1131 1427 non

122 1471 195 1537 erat,
210 1462 241 1519 iu
254 1470 348 1534 eastra
368 1461 453 1538 paulo
475 1464 541 1519 alnus
556 1483 573 1520 a
587 1463 647 1521 suis
670 1469 754 1540 eapte
772 1465 906 1540 pervenit.
947 1464 1074 1524 Invitari
1086 1465 1132 1532 de-

118 1557 187 1618 inde
203 1557 318 1631 amieos,
333 1557 436 1635 quibus
449 1556 573 1614 maximd
588 1565 759 1632 assueverat,
778 1560 884 1635 jussit:
904 1559 1009 1638 quippe
1023 1578 1132 1618 summa

119 1651 262 1710 duntaxat
286 1653 360 1711 sutis
381 1652 411 1709 in
436 1653 543 1710 femore
563 1653 724 1728 perstricta,
735 1673 792 1711 non
811 1653 981 1730 prohibebat
995 1655 1133 1713 interesse

14 1775 16 1780 ¹
119 1736 259 1818 convivio.
319 1748 394 1806 Tum
428 1747 545 1824 repentis
579 1766 594 1804 e
626 1748 756 1824 proximo
783 1748 967 1808 tabernaculo
1000 1748 1133 1826 lugubris
1187 1807 1196 1826 ,

57 1839 239 1928 jyalamor,
266 1843 393 1902 barbaro*
424 1843 545 1917 ululatu,
579 1842 752 1921 planctuque
784 1843 952 1920 permixtus,
985 1844 1133 1920 epulantes

120 1937 286 1996 conterruit.
329 1936 440 1998 Cohors
461 1957 580 2016 quoque,
602 1957 668 2016 quae
687 1938 846 1998 excubabat
860 1938 898 1996 ad
917 1939 1133 1998 tabernaoulum

119 2033 208 2112 regis,
234 2033 327 2092 verita
352 2052 388 2090 ne
408 2033 525 2109 majoris
537 2036 642 2114 'motuis
668 2032 842 2110 principium
867 2039 950 2108 esset,
971 2052 1082 2093 manare
1102 2051 1134 2092 ss

119 2135 251 2208 coeperat.
308 2127 401 2189 Causa
433 2127 548 2205 pavoris
574 2127 664 2188 subiti
689 2127 757 2202 fuit,
782 2127 859 2206 qudd
888 2135 980 2188 mater
1005 2147 1134 2207 uxorque

120 2212 213 2301 Harii,
228 2244 293 2283 oum
315 2224 436 2300 eaptivis
458 2223 611 2299 nobilibus,
626 2224 744 2303 Regem,
764 2244 850 2302 quem
869 2225 1054 2285 interfectum
1072 2242 1135 2285 esse

45 2306 283 2409 yffior'e'debant,
298 2319 412 2397 ingenti
425 2319 535 2397 gemitu
548 2319 713 2397 ejulatuque
726 2320 877 2380 deflebant
918 2320 1002 2381 Unus
1013 2338 1135 2398 namque
1196 2307 1201 2315 ἢ

115 2418 140 2475 'e
167 2416 259 2493 captis
286 2415 467 2492 spadonibus,
494 2414 545 2492 qui
571 2416 647 2473 fortd
675 2422 741 2473 ante
767 2415 893 2492 ipsarum
919 2415 1135 2476 tabernaculum

120 2517 250 2585 steterat,
264 2510 427 2585 amiculum,
443 2510 529 2589 (quod
543 2509 657 2585 Darius,
671 2511 746 2569 siem
769 2510 855 2586 paulb
875 2510 944 2568 ante
957 2510 1133 2584 dictumest,

121 2626 158 2665 ne
174 2606 271 2664 ⁹aultu
284 2606 462 2683 proderetur,
476 2606 640 2685 abjecerat)
657 2605 687 2663 in
708 2606 839 2664 manibus
852 2607 915 2681 ejus
928 2605 978 2683 qui
990 2612 1134 2682 repertum

119 2703 239 2782 ferebat,
262 2702 394 2781 agnovit:
424 2708 558 2779 ratusque
582 2700 735 2759 interfecto
758 2701 919 2767 detractum
939 2720 1008 2773 esse,
1030 2700 1154 2759 falsum,
1182 2770 1195 2795 ι

51 2797 255 2871 μῆιωοίυω
276 2796 378 2855 mortis
399 2798 461 2873 ejus
483 2796 629 2855 attulerat.
672 2795 739 2854 Hos
760 2794 914 2853 mulierum
941 2814 1037 2853 errore
1063 2814 1135 2852 eom·

120 2899 213 2970 perto,
228 2891 394 2951 Alexander
413 2892 537 2950 fortunae
561 2890 653 2965 Darii,
667 2896 697 2948 et
709 2889 812 2966 pietati
831 2908 929 2947 aarum
942 2878 1136 2966 illaerymtsse

121 2989 220 3047 fertur.
262 2987 308 3046 Aa
321 2988 413 3064 primo
429 2987 613 3061 Mithrenem,
628 2986 679 3064 qui
700 2985 805 3045 Sardes
824 2984 997 3061 prodiderat,
1010 2984 1137 3061 peritum
1175 3012 1183 3033 ι

123 3084 251 3143 Persioae
276 3082 392 3162 linguae,
408 3082 463 3141 ‘ire
491 3082 526 3139 ad
553 3081 741 3141 consolandas
768 3099 817 3139 eas
840 3082 972 3157 jusserat.
1015 3079 1137 3140 Veritus

125 3166 238 3253 deinde,
265 3198 300 3237 ne
326 3166 456 3257 proditor
483 3178 661 3256 captivarum
683 3177 757 3235 iram
786 3176 969 3254 doloremque
995 3182 1136 3255 gravaret,
1158 3184 1188 3207 ''

62 3276 289 3365 Jvaeonatum
316 3264 352 3333 ex
377 3274 543 3353 purpuratis
566 3273 625 3333 suis
649 3272 739 3347 misit,
765 3272 877 3348 jussum
902 3271 1037 3346 indicare,
1063 3271 1137 3329 falsd

125 3370 282 3429 lamentari
296 3376 345 3429 eas
356 3370 461 3429 vivum.
503 3368 560 3427 Ille
582 3388 646 3425 oum
666 3358 765 3445 pausis
779 3365 946 3444 'armigeris
964 3365 996 3424 in
1008 3366 1138 3425 taberna·

87 3484 91 3495 ·
128 3467 235 3541 culum,
250 3464 280 3521 in
300 3484 357 3541 quo
371 3465 491 3541 captivae
505 3470 596 3538 erant,
617 3462 755 3539 pervenit,
777 3462 952 3538 missumque
965 3480 983 3517 a
996 3461 1078 3538 Rege
1099 3478 1138 3533 se,

125 3561 257 3621 nunciari
283 3561 372 3637 jubet.
415 3562 458 3619 At
484 3559 515 3632 ii,
542 3559 592 3637 qui
618 3559 650 3616 in
673 3558 818 3618 vestibulo
840 3561 931 3629 erant,
955 3562 989 3613 ut
1015 3561 1140 3612 armatos

127 3663 308 3735 eonspexdre,
322 3656 380 3713 rati
403 3656 516 3713 ⁴actum
530 3674 593 3713 esse
608 3654 642 3713 de
656 3653 788 3727 dominis,
803 3652 834 3710 in
852 3650 1067 3729 tabernaculum
1080 3669 1140 3707 eur·

59 3758 205 3839 parunt,
231 3752 430 3825 vociferantes,
453 3750 552 3809 adesse
583 3740 743 3825 supremam
771 3747 880 3819 horam,
906 3745 1065 3822 missosque
1092 3745 1142 3821 qui

127 3852 293 3911 occiderent
314 3856 418 3924 eaptus.
463 3845 592 3923 ⁵Itaque,
617 3851 652 3903 ut
675 3862 740 3920 quae
761 3860 813 3899 neu
839 3838 991 3917 prohibere
1017 3846 1142 3915 possent,
