2592 4400
415 440 538 481 erran
572 442 606 481 x.
637 440 723 482 car.
753 440 808 481 vr.
1054 426 1113 483 257

98 582 250 660 laudisque
263 588 300 640 ut
311 583 393 659 justo
404 584 498 659 major
512 580 627 659 cupido,
650 580 692 639 ita
706 588 741 639 ut
753 580 854 658 juveni
869 589 899 639 et
920 580 950 638 in
964 582 1054 639 tantis
1066 580 1111 639 ad·

97 677 240 735 mittenda
253 677 357 753 rebus;
376 679 438 754 jam
448 677 542 755 pietas
556 696 625 755 erga
637 684 781 754 parentes,
796 696 919 755 quorum
938 676 1113 755 Olympiada
1190 658 1196 669 ’

98 772 311 831 immortalitati
321 792 489 831 consecrare
499 772 675 847 decreverat,
686 772 858 849 Philippum
866 772 1037 849 ultuserat3
1051 776 1112 851 jam
1160 836 1171 860 s

99 870 130 927 in
144 888 242 927 omnes
261 870 325 927 ferd
348 868 456 927 amicos
477 868 650 947 benignitas,
673 888 742 947 erga
762 868 870 926 milites
892 869 1110 945 benevolentia3

99 964 281 1023 ”consilium
294 984 347 1041 par
367 963 565 1041 magnitudini
585 963 692 1039 animi3
717 970 747 1021 et
766 970 907 1042 quantum
930 964 979 1023 vix
999 972 1114 1042 poterat

99 1068 170 1119 aetas
184 1062 248 1137 ejus
262 1079 372 1137 capere,
389 1059 527 1134 solertia3
549 1058 653 1117 modus
668 1059 888 1117 immodicarum
902 1058 1112 1137 cupiditatum;

100 1156 119 1183 ¹⁸
128 1155 252 1215 Veneris
266 1154 344 1213 intra
357 1153 491 1212 naturale
506 1154 684 1212 desiderium
693 1174 772 1228 usus,
784 1174 836 1213 neo
847 1154 916 1229 ulla,
932 1154 990 1212 nisi
1005 1174 1041 1213 ex
1052 1174 1113 1231 per·

99 1238 186 1309 misso
206 1251 361 1328 voluptas3
385 1252 404 1278 ¹⁹
414 1250 547 1328 ingentes
566 1251 697 1327 profecto
719 1250 802 1309 dotes
823 1257 913 1309 erant.
957 1252 977 1281 ²⁰
987 1250 1045 1310 Illa
1058 1252 1114 1309 for·

99 1354 194 1405 tunae:
217 1346 284 1405 Diis
297 1364 411 1423 aequare
426 1364 466 1419 se,
481 1353 512 1403 et
524 1346 658 1403 ooelestes
672 1346 795 1404 honores
816 1366 972 1423 accersere,
992 1354 1022 1405 et
1044 1346 1115 1404 talia

99 1442 289 1502 suadentibus
302 1440 427 1499 oraculis
436 1441 569 1516 credere3
592 1448 623 1499 et
631 1440 856 1520 dedignantibus
866 1443 998 1502 venerari
1010 1442 1113 1520 ipsum,

97 1537 312 1612 vehementius,
334 1537 423 1615 quam
442 1556 495 1614 par
518 1543 604 1609 essct,
630 1536 732 1595 irasci:
754 1537 783 1595 iu
806 1545 959 1596 externum
983 1538 1115 1598 habitum

98 1641 213 1692 mutare
226 1633 355 1710 corporis
374 1633 502 1690 cultum:
524 1631 633 1709 imitqri
654 1632 834 1691 devictarum
855 1635 986 1711 gentium
1010 1654 1114 1709 mores,

98 1747 170 1807 qnos
183 1736 251 1787 ante
263 1728 414 1786 victoriam
428 1734 585 1806 spreverat.
628 1726 658 1785 N
661 1748 705 1785 am
717 1727 895 1786 iracundiam
909 1736 939 1787 et
950 1729 1115 1807 cupidinem

98 1824 167 1897 vini,
182 1823 271 1881 sicuti
281 1826 404 1901 juventa
416 1823 590 1895 irritaverat,
606 1822 650 1880 itt
664 1830 798 1883 senectus
811 1823 946 1901 mitigare
962 1824 1113 1902 potuisset.

102 1920 267 1978 Fatendum
281 1927 327 1977 est
341 1926 448 1994 tamen,
462 1920 530 1976 crim
544 1919 563 1946 ²¹
573 1918 731 1995 plurimum
753 1918 857 1977 virtuti
880 1919 1025 1991 debuerit,
1049 1918 1116 1997 plus

99 2016 236 2074 debuisse
249 2016 382 2088 fortunae,
397 2034 484 2093 qnam
498 2014 578 2073 solus
590 2014 719 2071 bmnium
733 2014 901 2073 mortalium
922 2016 951 2072 in
970 2023 1115 2093 potestate

98 2111 212 2169 babuit.
255 2109 378 2180 Quoties
392 2110 476 2167 illum
490 2129 508 2167 a
521 2116 615 2168 morte
629 2108 800 2167 revocavit?
820 2110 934 2188 quoties
955 2112 1064 2167 temere
1085 2110 1116 2167 in

98 2208 230 2286 pericula
248 2216 364 2266 vectum
384 2211 526 2285 perpetua
545 2206 686 2265 felicitate
708 2207 857 2284 protexitl
902 2207 983 2267 Vitae
1001 2227 1116 2286 quoquc

98 2304 186 2362 finem
199 2302 332 2360 eumdem
347 2303 400 2376 illi,
414 2321 498 2380 quem
513 2301 623 2379 gloriae,
638 2303 754 2360 statuit.
797 2302 819 2330 ²¹
830 2302 1029 2380 Expectavtre
1051 2324 1116 2361 eum

98 2399 168 2471 fata,
184 2398 254 2455 dum
270 2396 393 2457 Oriente
406 2397 577 2475 perdomito,
591 2397 728 2476 aditoque
746 2397 871 2474 Oceano,
888 2399 1029 2478 quidquid
1044 2421 1116 2458 mor·

99 2494 202 2551 talitas
215 2493 355 2570 capiebat,
366 2492 510 2570 impleret.
534 2491 613 2550 Huic
624 2491 700 2570 Regi
710 2492 842 2572 Duoique
853 2514 998 2553 successor
1009 2515 1116 2574 quaere·

98 2589 194 2649 batur.
238 2588 298 2648 Sed
311 2591 405 2665 major
418 2588 537 2646 ”moles
551 2596 622 2662 erat,
632 2589 723 2666 quim
731 2595 765 2646 ut
779 2609 854 2648 unus
869 2590 967 2650 subire
982 2610 1043 2649 eam
1054 2611 1117 2669 pos-

99 2693 152 2743 set.
197 2683 303 2762 Itaque
315 2703 419 2743 nomeu
432 2676 548 2762 qudque
562 2686 635 2761 ejus,
651 2684 772 2742 etfama
785 2705 892 2760 rerum,
904 2685 934 2743 in
949 2693 1042 2744 totum
1053 2706 1116 2764 pro·

99 2778 256 2857 pcmodum
269 2779 368 2838 orbern
383 2779 481 2856 Reges
502 2798 535 2836 ac
549 2798 638 2856 regna
660 2779 793 2837 diffudit:
816 2779 1027 2858 clarissimique
1049 2787 1118 2838 suut
1216 2783 1224 2799 “

98 2875 204 2948 babiti,
215 2873 297 2953 3⁴qui
310 2876 399 2932 etiam
410 2874 538 2932 minimae
551 2875 629 2951 parti
644 2881 734 2932 tantae
749 2875 875 2934 fortunae
889 2875 1081 2934 adhaeserunt.

163 2970 223 3030 VI.
251 2973 293 3028 16.
318 2969 464 3029 (laetarum
486 2970 637 3048 Babylone
662 2971 741 3046 (iude
767 2970 843 3028 enim
866 2971 986 3030 divertit
1011 2971 1117 3052 oratio)

20 3066 21 3069 ’
99 3068 231 3145 corporis
246 3068 310 3143 ejus
324 3066 469 3140 custodes,
484 3067 515 3124 in
524 3066 631 3144 regiam
640 3067 786 3143 principes
796 3067 961 3143 amicorum,
974 3068 1118 3148 ducesque

99 3165 252 3240 copiarum
273 3161 468 3220 advocaverat
489 3169 589 3220 secuta
609 3169 654 3219 est
675 3161 801 3219 militum
823 3163 918 3237 turba,
940 3165 1119 3242 cupientium

20 3260 21 3305 l
100 3259 187 3332 scire,
215 3256 247 3314 in
268 3277 355 3335 quem
384 3256 547 3314 Alexandri
568 3257 685 3314 fortuna
706 3265 783 3316 esset
807 3259 974 3318 transitura.
1029 3260 1120 3318 Multi

100 3353 202 3426 duces,
210 3351 375 3430 frequentia
386 3352 513 3409 militum
522 3351 642 3426 exclusi,
654 3353 764 3429 regiam
776 3353 883 3412 intrare
898 3373 954 3412 non
965 3361 1118 3432 poterant3

20 3464 21 3479 ¹
100 3450 170 3506 otim
184 3466 289 3526 praec0,
304 3447 450 3524 ¹exceptis
464 3446 514 3525 qui
533 3447 704 3504 nominatim
719 3447 888 3523 citarentur,
910 3449 990 3506 adire
1006 3449 1120 3526 prohib·

20 3528 21 3623 ,
103 3553 176 3604 eret.
221 3543 282 3603 Sed
304 3543 487 3620 'macarium
511 3543 700 3619 spernebatur
721 3543 881 3621 imperium.
926 3544 971 3602 Ac
993 3545 1121 3621 primum

19 3678 23 3696 .
100 3641 231 3719 ejulatus
245 3640 350 3717 ingens
361 3637 551 3717 ploratusque
565 3647 719 3697 renovatus
734 3647 787 3698 est.
831 3639 944 3698 Deinde
960 3639 1054 3696 futuri
1076 3659 1121 3697 ex-

99 3736 232 3814 pectatio
245 3734 380 3794 inhibitis
401 3734 538 3810 lacrymis
558 3735 708 3792 silentium
732 3735 808 3792 fecit.
853 3735 934 3792 Tunc
956 3733 1122 3812 Perdiccae,

100 3833 185 3910 regia
200 3830 274 3889 sella
289 3830 319 3887 in
333 3836 518 3906 conspectum
532 3828 613 3906 vulgi
627 3828 707 3901 data,
722 3828 751 3885 in
766 3833 824 3907 quat
835 3828 968 3886 diadema
978 3829 1124 3909 vestisque

101 3925 272 3986 Alexandri
285 3945 352 3984 oum
366 3925 454 3983 armis
467 3931 560 3998 erant,
581 3923 730 3996 annulum,
753 3923 809 3982 sibi
829 3923 924 4002 pridie
947 3925 1088 3984 traditum
1108 3947 1126 3984 a
