<?xml version="1.0" encoding="UTF-8"?>
<!DOCTYPE html PUBLIC "-//W3C//DTD XHTML 1.0 Transitional//EN"
    "http://www.w3.org/TR/xhtml1/DTD/xhtml1-transitional.dtd">
<html xmlns="http://www.w3.org/1999/xhtml" xml:lang="en" lang="en">
 <head>
  <title>
</title>
<meta http-equiv="Content-Type" content="text/html;charset=utf-8" />
  <meta name='ocr-system' content='tesseract 3.04.00' />
  <meta name='ocr-capabilities' content='ocr_page ocr_carea ocr_par ocr_line ocrx_word'/>
</head>
<body>
  <div class='ocr_page' id='page_1' title='image "./quintuscurtiusr00crosgoog_0173.png"; bbox 0 0 2592 4400; ppageno 0'>
   <div class='ocr_carea' id='block_1_1' title="bbox 176 329 836 397">
    <p class='ocr_par' dir='ltr' id='par_1_1' title="bbox 176 329 836 397">
     <span class='ocr_line' id='line_1_1' title="bbox 176 329 836 397; baseline -0.003 -8"><span class='ocrx_word' id='word_1_1' title='bbox 176 329 233 389; x_wconf 79' lang='lat' dir='ltr'>loo</span> <span class='ocrx_word' id='word_1_2' title='bbox 513 346 654 397; x_wconf 78' lang='lat' dir='ltr'>onrrrr</span> <span class='ocrx_word' id='word_1_3' title='bbox 681 345 836 387; x_wconf 83' lang='lat' dir='ltr'>ousrrr.</span> 
     </span>
    </p>
   </div>
   <div class='ocr_carea' id='block_1_2' title="bbox 170 484 1231 2760">
    <p class='ocr_par' dir='ltr' id='par_1_2' title="bbox 170 484 1276 2665">
     <span class='ocr_line' id='line_1_2' title="bbox 173 484 1187 565; baseline 0 -20"><span class='ocrx_word' id='word_1_4' title='bbox 173 488 294 545; x_wconf 76' lang='lat' dir='ltr'>tantum.</span> <span class='ocrx_word' id='word_1_5' title='bbox 350 484 500 547; x_wconf 76' lang='lat' dir='ltr'>Oaterdm</span> <span class='ocrx_word' id='word_1_6' title='bbox 526 504 558 545; x_wconf 87' lang='lat' dir='ltr'>se</span> <span class='ocrx_word' id='word_1_7' title='bbox 584 492 699 563; x_wconf 83' lang='lat' dir='ltr'>gentem</span> <span class='ocrx_word' id='word_1_8' title='bbox 726 484 757 543; x_wconf 91' lang='lat' dir='ltr'>in</span> <span class='ocrx_word' id='word_1_9' title='bbox 784 484 869 545; x_wconf 80' lang='lat' dir='ltr'>fldem</span> <span class='ocrx_word' id='word_1_10' title='bbox 896 485 1011 561; x_wconf 87' lang='lat' dir='ltr'>dedere,</span> <span class='ocrx_word' id='word_1_11' title='bbox 1037 494 1187 565; x_wconf 85' lang='lat' dir='ltr'>superatos</span> 
     </span>
     <span class='ocr_line' id='line_1_3' title="bbox 172 580 1187 659; baseline -0.002 -18"><span class='ocrx_word' id='word_1_12' title='bbox 172 582 283 641; x_wconf 84' lang='lat' dir='ltr'>virtuts</span> <span class='ocrx_word' id='word_1_13' title='bbox 296 580 383 639; x_wconf 83' lang='lat' dir='ltr'>illins</span> <span class='ocrx_word' id='word_1_14' title='bbox 426 580 504 655; x_wconf 85' lang='lat' dir='ltr'>Rex,</span> <span class='ocrx_word' id='word_1_15' title='bbox 517 580 575 639; x_wconf 85' lang='lat' dir='ltr'>fide</span> <span class='ocrx_word' id='word_1_16' title='bbox 590 580 670 655; x_wconf 74' lang='lat' dir='ltr'>data,</span> <span class='ocrx_word' id='word_1_17' title='bbox 684 588 714 639; x_wconf 89' lang='lat' dir='ltr'>et</span> <span class='ocrx_word' id='word_1_18' title='bbox 735 580 860 659; x_wconf 80' lang='lat' dir='ltr'>captivis</span> <span class='ocrx_word' id='word_1_19' title='bbox 880 582 1014 659; x_wconf 74' lang='lat' dir='ltr'>receptis,</span> <span class='ocrx_word' id='word_1_20' title='bbox 1028 589 1146 659; x_wconf 87' lang='lat' dir='ltr'>gentem</span> <span class='ocrx_word' id='word_1_21' title='bbox 1160 582 1187 639; x_wconf 89' lang='lat' dir='ltr'>in</span> 
     </span>
     <span class='ocr_line' id='line_1_4' title="bbox 172 673 1185 753; baseline -0.001 -16"><span class='ocrx_word' id='word_1_22' title='bbox 172 676 349 737; x_wconf 87' lang='lat' dir='ltr'>deditionem</span> <span class='ocrx_word' id='word_1_23' title='bbox 372 676 491 753; x_wconf 80' lang='lat' dir='ltr'>aoeepit</span> <span class='ocrx_word' id='word_1_24' title='bbox 534 673 647 737; x_wconf 75' lang='lat' dir='ltr'>Castris</span> <span class='ocrx_word' id='word_1_25' title='bbox 670 676 738 735; x_wconf 90' lang='lat' dir='ltr'>inde</span> <span class='ocrx_word' id='word_1_26' title='bbox 762 676 859 751; x_wconf 81' lang='lat' dir='ltr'>motis,</span> <span class='ocrx_word' id='word_1_27' title='bbox 881 676 985 735; x_wconf 72' lang='lat' dir='ltr'>leetiob</span> <span class='ocrx_word' id='word_1_28' title='bbox 1006 676 1132 735; x_wconf 87' lang='lat' dir='ltr'>militari</span> <span class='ocrx_word' id='word_1_29' title='bbox 1152 678 1185 737; x_wconf 80' lang='lat' dir='ltr'>ie·</span> 
     </span>
     <span class='ocr_line' id='line_1_5' title="bbox 172 770 1187 851; baseline 0 -20"><span class='ocrx_word' id='word_1_30' title='bbox 172 771 298 846; x_wconf 83' lang='lat' dir='ltr'>rebatur,</span> <span class='ocrx_word' id='word_1_31' title='bbox 319 772 408 850; x_wconf 75' lang='lat' dir='ltr'>qudm</span> <span class='ocrx_word' id='word_1_32' title='bbox 429 790 482 849; x_wconf 90' lang='lat' dir='ltr'>pro</span> <span class='ocrx_word' id='word_1_33' title='bbox 504 770 680 850; x_wconf 79' lang='lat' dir='ltr'>aequisque</span> <span class='ocrx_word' id='word_1_34' title='bbox 702 790 789 850; x_wconf 86' lang='lat' dir='ltr'>eques</span> <span class='ocrx_word' id='word_1_35' title='bbox 810 771 955 851; x_wconf 77' lang='lat' dir='ltr'>pedesque</span> <span class='ocrx_word' id='word_1_36' title='bbox 977 772 1076 831; x_wconf 87' lang='lat' dir='ltr'>subire</span> <span class='ocrx_word' id='word_1_37' title='bbox 1097 781 1187 831; x_wconf 87' lang='lat' dir='ltr'>oerta·</span> 
     </span>
     <span class='ocr_line' id='line_1_6' title="bbox 171 866 1188 947; baseline -0.002 -20"><span class='ocrx_word' id='word_1_38' title='bbox 171 867 249 927; x_wconf 82' lang='lat' dir='ltr'>bant</span> <span class='ocrx_word' id='word_1_39' title='bbox 291 867 425 947; x_wconf 73' lang='lat' dir='ltr'>Equites,</span> <span class='ocrx_word' id='word_1_40' title='bbox 448 886 515 925; x_wconf 86' lang='lat' dir='ltr'>enm</span> <span class='ocrx_word' id='word_1_41' title='bbox 535 866 640 945; x_wconf 85' lang='lat' dir='ltr'>quibus</span> <span class='ocrx_word' id='word_1_42' title='bbox 668 866 736 925; x_wconf 87' lang='lat' dir='ltr'>Rex</span> <span class='ocrx_word' id='word_1_43' title='bbox 763 866 864 945; x_wconf 71' lang='lat' dir='ltr'>praelia</span> <span class='ocrx_word' id='word_1_44' title='bbox 890 866 964 925; x_wconf 89' lang='lat' dir='ltr'>inire</span> <span class='ocrx_word' id='word_1_45' title='bbox 986 867 1093 927; x_wconf 88' lang='lat' dir='ltr'>solitus</span> <span class='ocrx_word' id='word_1_46' title='bbox 1115 876 1188 941; x_wconf 87' lang='lat' dir='ltr'>erat,</span> 
     </span>
     <span class='ocr_line' id='line_1_7' title="bbox 171 962 1188 1039; baseline 0.001 -19"><span class='ocrx_word' id='word_1_47' title='bbox 171 963 218 1022; x_wconf 88' lang='lat' dir='ltr'>sni</span> <span class='ocrx_word' id='word_1_48' title='bbox 240 963 368 1023; x_wconf 88' lang='lat' dir='ltr'>muneris</span> <span class='ocrx_word' id='word_1_49' title='bbox 380 963 412 1022; x_wconf 88' lang='lat' dir='ltr'>id</span> <span class='ocrx_word' id='word_1_50' title='bbox 426 980 489 1021; x_wconf 86' lang='lat' dir='ltr'>esse</span> <span class='ocrx_word' id='word_1_51' title='bbox 510 962 672 1021; x_wconf 77' lang='lat' dir='ltr'>oensabnnt</span> <span class='ocrx_word' id='word_1_52' title='bbox 715 962 837 1021; x_wconf 75' lang='lat' dir='ltr'>Pedites</span> <span class='ocrx_word' id='word_1_53' title='bbox 858 963 969 1039; x_wconf 69' lang='lat' dir='ltr'>eontra,</span> <span class='ocrx_word' id='word_1_54' title='bbox 983 963 1052 1021; x_wconf 80' lang='lat' dir='ltr'>edm</span> <span class='ocrx_word' id='word_1_55' title='bbox 1073 964 1188 1022; x_wconf 69' lang='lat' dir='ltr'>munies</span> 
     </span>
     <span class='ocr_line' id='line_1_8' title="bbox 171 1057 1190 1137; baseline 0.002 -22"><span class='ocrx_word' id='word_1_56' title='bbox 171 1059 381 1119; x_wconf 80' lang='lat' dir='ltr'>commilitones</span> <span class='ocrx_word' id='word_1_57' title='bbox 402 1059 459 1136; x_wconf 87' lang='lat' dir='ltr'>ipsi</span> <span class='ocrx_word' id='word_1_58' title='bbox 479 1067 595 1135; x_wconf 83' lang='lat' dir='ltr'>gestare</span> <span class='ocrx_word' id='word_1_59' title='bbox 618 1057 823 1132; x_wconf 80' lang='lat' dir='ltr'>assuevissent,</span> <span class='ocrx_word' id='word_1_60' title='bbox 851 1057 926 1135; x_wconf 89' lang='lat' dir='ltr'>eripi</span> <span class='ocrx_word' id='word_1_61' title='bbox 951 1058 1007 1118; x_wconf 86' lang='lat' dir='ltr'>sibi</span> <span class='ocrx_word' id='word_1_62' title='bbox 1034 1059 1190 1137; x_wconf 86' lang='lat' dir='ltr'>proprium</span> 
     </span>
     <span class='ocr_line' id='line_1_9' title="bbox 171 1152 1189 1233; baseline 0.002 -22"><span class='ocrx_word' id='word_1_63' title='bbox 171 1154 304 1229; x_wconf 80' lang='lat' dir='ltr'>officinm,</span> <span class='ocrx_word' id='word_1_64' title='bbox 319 1154 403 1216; x_wconf 85' lang='lat' dir='ltr'>&#39;tum</span> <span class='ocrx_word' id='word_1_65' title='bbox 424 1153 615 1231; x_wconf 84' lang='lat' dir='ltr'>potissimdm,</span> <span class='ocrx_word' id='word_1_66' title='bbox 629 1154 699 1211; x_wconf 84' lang='lat' dir='ltr'>edm</span> <span class='ocrx_word' id='word_1_67' title='bbox 721 1152 788 1213; x_wconf 87' lang='lat' dir='ltr'>Rex</span> <span class='ocrx_word' id='word_1_68' title='bbox 801 1153 958 1231; x_wconf 87' lang='lat' dir='ltr'>gestandus</span> <span class='ocrx_word' id='word_1_69' title='bbox 981 1160 1067 1229; x_wconf 89' lang='lat' dir='ltr'>esset,</span> <span class='ocrx_word' id='word_1_70' title='bbox 1088 1174 1189 1233; x_wconf 86' lang='lat' dir='ltr'>quere·</span> 
     </span>
     <span class='ocr_line' id='line_1_10' title="bbox 172 1248 1188 1327; baseline -0.002 -18"><span class='ocrx_word' id='word_1_71' title='bbox 172 1248 285 1309; x_wconf 84' lang='lat' dir='ltr'>bantur.</span> <span class='ocrx_word' id='word_1_72' title='bbox 326 1250 395 1309; x_wconf 88' lang='lat' dir='ltr'>Rex</span> <span class='ocrx_word' id='word_1_73' title='bbox 408 1249 439 1307; x_wconf 90' lang='lat' dir='ltr'>in</span> <span class='ocrx_word' id='word_1_74' title='bbox 452 1256 534 1308; x_wconf 88' lang='lat' dir='ltr'>tanto</span> <span class='ocrx_word' id='word_1_75' title='bbox 544 1248 698 1327; x_wconf 86' lang='lat' dir='ltr'>utriusque</span> <span class='ocrx_word' id='word_1_76' title='bbox 713 1248 805 1325; x_wconf 85' lang='lat' dir='ltr'>partis</span> <span class='ocrx_word' id='word_1_77' title='bbox 818 1248 984 1323; x_wconf 78' lang='lat' dir='ltr'>certamine,</span> <span class='ocrx_word' id='word_1_78' title='bbox 999 1255 1029 1309; x_wconf 91' lang='lat' dir='ltr'>et</span> <span class='ocrx_word' id='word_1_79' title='bbox 1042 1248 1099 1308; x_wconf 88' lang='lat' dir='ltr'>eibi</span> <span class='ocrx_word' id='word_1_80' title='bbox 1113 1249 1188 1307; x_wconf 87' lang='lat' dir='ltr'>diffi-</span> 
     </span>
     <span class='ocr_line' id='line_1_11' title="bbox 171 1344 1189 1423; baseline -0.002 -18"><span class='ocrx_word' id='word_1_81' title='bbox 171 1346 265 1420; x_wconf 89' lang='lat' dir='ltr'>oilem,</span> <span class='ocrx_word' id='word_1_82' title='bbox 292 1352 324 1404; x_wconf 91' lang='lat' dir='ltr'>et</span> <span class='ocrx_word' id='word_1_83' title='bbox 344 1345 521 1423; x_wconf 63' lang='lat' dir='ltr'>‘praeteritis</span> <span class='ocrx_word' id='word_1_84' title='bbox 546 1364 664 1423; x_wconf 81' lang='lat' dir='ltr'>gravem</span> <span class='ocrx_word' id='word_1_85' title='bbox 691 1344 863 1403; x_wconf 82' lang='lat' dir='ltr'>alentionem</span> <span class='ocrx_word' id='word_1_86' title='bbox 885 1344 1014 1405; x_wconf 87' lang='lat' dir='ltr'>futuram</span> <span class='ocrx_word' id='word_1_87' title='bbox 1037 1351 1129 1419; x_wconf 84' lang='lat' dir='ltr'>ratus,</span> <span class='ocrx_word' id='word_1_88' title='bbox 1156 1345 1189 1403; x_wconf 92' lang='lat' dir='ltr'>in</span> 
     </span>
     <span class='ocr_line' id='line_1_12' title="bbox 171 1439 1190 1519; baseline -0.002 -18"><span class='ocrx_word' id='word_1_89' title='bbox 171 1441 264 1501; x_wconf 88' lang='lat' dir='ltr'>vioem</span> <span class='ocrx_word' id='word_1_90' title='bbox 287 1440 384 1501; x_wconf 84' lang='lat' dir='ltr'>subire</span> <span class='ocrx_word' id='word_1_91' title='bbox 407 1460 457 1499; x_wconf 89' lang='lat' dir='ltr'>eos</span> <span class='ocrx_word' id='word_1_92' title='bbox 476 1441 574 1519; x_wconf 82' lang='lat' dir='ltr'>jussit</span> <span class='ocrx_word' id='word_1_93' title='bbox 617 1440 697 1499; x_wconf 87' lang='lat' dir='ltr'>Hine</span> <span class='ocrx_word' id='word_1_94' title='bbox 718 1447 822 1519; x_wconf 88' lang='lat' dir='ltr'>quarto</span> <span class='ocrx_word' id='word_1_95' title='bbox 843 1440 890 1499; x_wconf 88' lang='lat' dir='ltr'>die</span> <span class='ocrx_word' id='word_1_96' title='bbox 910 1440 948 1499; x_wconf 81' lang='lat' dir='ltr'>sd</span> <span class='ocrx_word' id='word_1_97' title='bbox 968 1440 1070 1501; x_wconf 87' lang='lat' dir='ltr'>urbem</span> <span class='ocrx_word' id='word_1_98' title='bbox 1090 1439 1190 1499; x_wconf 69' lang='lat' dir='ltr'>Mara</span> 
     </span>
     <span class='ocr_line' id='line_1_13' title="bbox 171 1534 1190 1613; baseline 0 -18"><span class='ocrx_word' id='word_1_99' title='bbox 171 1536 264 1595; x_wconf 82' lang='lat' dir='ltr'>nanda</span> <span class='ocrx_word' id='word_1_100' title='bbox 286 1542 456 1613; x_wconf 86' lang='lat' dir='ltr'>perventum</span> <span class='ocrx_word' id='word_1_101' title='bbox 470 1543 523 1595; x_wconf 79' lang='lat' dir='ltr'>est</span> <span class='ocrx_word' id='word_1_102' title='bbox 580 1534 774 1613; x_wconf 83' lang='lat' dir='ltr'>Septuaginta</span> <span class='ocrx_word' id='word_1_103' title='bbox 798 1535 894 1593; x_wconf 89' lang='lat' dir='ltr'>stadia</span> <span class='ocrx_word' id='word_1_104' title='bbox 912 1554 1012 1595; x_wconf 87' lang='lat' dir='ltr'>murus</span> <span class='ocrx_word' id='word_1_105' title='bbox 1032 1535 1114 1596; x_wconf 88' lang='lat' dir='ltr'>urbis</span> <span class='ocrx_word' id='word_1_106' title='bbox 1127 1554 1190 1595; x_wconf 86' lang='lat' dir='ltr'>am·</span> 
     </span>
     <span class='ocr_line' id='line_1_14' title="bbox 175 1630 1190 1709; baseline 0.002 -20"><span class='ocrx_word' id='word_1_107' title='bbox 175 1630 330 1709; x_wconf 80' lang='lat' dir='ltr'>plentitur3</span> <span class='ocrx_word' id='word_1_108' title='bbox 352 1652 407 1691; x_wconf 82' lang='lat' dir='ltr'>arx</span> <span class='ocrx_word' id='word_1_109' title='bbox 428 1631 509 1690; x_wconf 88' lang='lat' dir='ltr'>illius</span> <span class='ocrx_word' id='word_1_110' title='bbox 532 1630 658 1709; x_wconf 80' lang='lat' dir='ltr'>ringitur</span> <span class='ocrx_word' id='word_1_111' title='bbox 681 1649 772 1690; x_wconf 81' lang='lat' dir='ltr'>muro</span> <span class='ocrx_word' id='word_1_112' title='bbox 814 1630 958 1691; x_wconf 80' lang='lat' dir='ltr'>Praesidio</span> <span class='ocrx_word' id='word_1_113' title='bbox 978 1630 1047 1691; x_wconf 89' lang='lat' dir='ltr'>urbi</span> <span class='ocrx_word' id='word_1_114' title='bbox 1070 1630 1190 1706; x_wconf 86' lang='lat' dir='ltr'>relioto,</span> 
     </span>
     <span class='ocr_line' id='line_1_15' title="bbox 170 1724 1190 1805; baseline 0 -20"><span class='ocrx_word' id='word_1_115' title='bbox 170 1727 322 1805; x_wconf 85' lang='lat' dir='ltr'>proximos</span> <span class='ocrx_word' id='word_1_116' title='bbox 346 1728 424 1787; x_wconf 71' lang='lat' dir='ltr'>viem</span> <span class='ocrx_word' id='word_1_117' title='bbox 456 1726 659 1805; x_wconf 83' lang='lat' dir='ltr'>depopulatur,</span> <span class='ocrx_word' id='word_1_118' title='bbox 693 1732 781 1805; x_wconf 85' lang='lat' dir='ltr'>atque</span> <span class='ocrx_word' id='word_1_119' title='bbox 813 1726 883 1785; x_wconf 85' lang='lat' dir='ltr'>urit</span> <span class='ocrx_word' id='word_1_120' title='bbox 940 1724 1044 1804; x_wconf 86' lang='lat' dir='ltr'>Legati</span> <span class='ocrx_word' id='word_1_121' title='bbox 1078 1724 1190 1785; x_wconf 76' lang='lat' dir='ltr'>deinde</span> 
     </span>
     <span class='ocr_line' id='line_1_16' title="bbox 172 1820 1189 1901; baseline -0.002 -18"><span class='ocrx_word' id='word_1_122' title='bbox 172 1823 315 1883; x_wconf 80' lang='lat' dir='ltr'><strong>Abiorum</strong></span> <span class='ocrx_word' id='word_1_123' title='bbox 331 1822 504 1901; x_wconf 75' lang='lat' dir='ltr'>Scytharum</span> <span class='ocrx_word' id='word_1_124' title='bbox 530 1821 747 1899; x_wconf 87' lang='lat' dir='ltr'>superveniunt,</span> <span class='ocrx_word' id='word_1_125' title='bbox 767 1820 870 1881; x_wconf 85' lang='lat' dir='ltr'>&#39;liberi</span> <span class='ocrx_word' id='word_1_126' title='bbox 889 1840 925 1880; x_wconf 89' lang='lat' dir='ltr'>ex</span> <span class='ocrx_word' id='word_1_127' title='bbox 948 1840 1005 1901; x_wconf 91' lang='lat' dir='ltr'>quo</span> <span class='ocrx_word' id='word_1_128' title='bbox 1020 1821 1189 1881; x_wconf 82' lang='lat' dir='ltr'>decesserat</span> 
     </span>
     <span class='ocr_line' id='line_1_17' title="bbox 173 1916 1190 1997; baseline -0.003 -17"><span class='ocrx_word' id='word_1_129' title='bbox 173 1917 277 1997; x_wconf 75' lang='lat' dir='ltr'>cyrus,</span> <span class='ocrx_word' id='word_1_130' title='bbox 309 1926 373 1977; x_wconf 88' lang='lat' dir='ltr'>tum</span> <span class='ocrx_word' id='word_1_131' title='bbox 405 1918 546 1996; x_wconf 88' lang='lat' dir='ltr'>imperata</span> <span class='ocrx_word' id='word_1_132' title='bbox 572 1917 685 1976; x_wconf 83' lang='lat' dir='ltr'>faoturi</span> <span class='ocrx_word' id='word_1_133' title='bbox 742 1916 953 1977; x_wconf 79' lang='lat' dir='ltr'>‘Justissimos</span> <span class='ocrx_word' id='word_1_134' title='bbox 986 1916 1190 1977; x_wconf 86' lang='lat' dir='ltr'>Barbarorum</span> 
     </span>
     <span class='ocr_line' id='line_1_18' title="bbox 170 1998 1190 2078; baseline -0.003 -3"><span class='ocrx_word' id='word_1_135' title='bbox 170 2016 340 2075; x_wconf 72' lang='lat' dir='ltr'><strong>constabat:</strong></span> <span class='ocrx_word' id='word_1_136' title='bbox 360 2014 450 2073; x_wconf 85' lang='lat' dir='ltr'>armis</span> <span class='ocrx_word' id='word_1_137' title='bbox 474 2012 659 2073; x_wconf 81' lang='lat' dir='ltr'>abstinebant</span> <span class='ocrx_word' id='word_1_138' title='bbox 679 2012 739 2078; x_wconf 86' lang='lat' dir='ltr'>nisi</span> <span class='ocrx_word' id='word_1_139' title='bbox 763 1998 898 2071; x_wconf 78' lang='lat' dir='ltr'>lacessiti.</span> <span class='ocrx_word' id='word_1_140' title='bbox 942 2012 1105 2071; x_wconf 68' lang='lat' dir='ltr'>Libertatis</span> <span class='ocrx_word' id='word_1_141' title='bbox 1125 2032 1190 2073; x_wconf 84' lang='lat' dir='ltr'>rno-</span> 
     </span>
     <span class='ocr_line' id='line_1_19' title="bbox 171 2107 1187 2189; baseline -0.002 -20"><span class='ocrx_word' id='word_1_142' title='bbox 171 2110 236 2169; x_wconf 88' lang='lat' dir='ltr'>dioo</span> <span class='ocrx_word' id='word_1_143' title='bbox 257 2118 289 2169; x_wconf 87' lang='lat' dir='ltr'>et</span> <span class='ocrx_word' id='word_1_144' title='bbox 309 2109 416 2189; x_wconf 70' lang='lat' dir='ltr'>aequali</span> <span class='ocrx_word' id='word_1_145' title='bbox 438 2128 503 2183; x_wconf 89' lang='lat' dir='ltr'>usu,</span> <span class='ocrx_word' id='word_1_146' title='bbox 526 2108 706 2186; x_wconf 78' lang='lat' dir='ltr'>principibus</span> <span class='ocrx_word' id='word_1_147' title='bbox 733 2107 902 2169; x_wconf 88' lang='lat' dir='ltr'>humiliores</span> <span class='ocrx_word' id='word_1_148' title='bbox 929 2128 1013 2187; x_wconf 88' lang='lat' dir='ltr'>pares</span> <span class='ocrx_word' id='word_1_149' title='bbox 1041 2108 1187 2168; x_wconf 81' lang='lat' dir='ltr'>feeerunt</span> 
     </span>
     <span class='ocr_line' id='line_1_20' title="bbox 172 2203 1188 2284; baseline -0.002 -18"><span class='ocrx_word' id='word_1_150' title='bbox 172 2205 237 2266; x_wconf 89' lang='lat' dir='ltr'>Hos</span> <span class='ocrx_word' id='word_1_151' title='bbox 260 2206 384 2284; x_wconf 69' lang='lat' dir='ltr'>benigne</span> <span class='ocrx_word' id='word_1_152' title='bbox 408 2205 559 2279; x_wconf 81' lang='lat' dir='ltr'>allocutus,</span> <span class='ocrx_word' id='word_1_153' title='bbox 574 2203 612 2262; x_wconf 83' lang='lat' dir='ltr'>ad</span> <span class='ocrx_word' id='word_1_154' title='bbox 635 2223 685 2262; x_wconf 88' lang='lat' dir='ltr'>eos</span> <span class='ocrx_word' id='word_1_155' title='bbox 700 2203 831 2282; x_wconf 76' lang='lat' dir='ltr'>Scythas,</span> <span class='ocrx_word' id='word_1_156' title='bbox 853 2204 905 2283; x_wconf 90' lang='lat' dir='ltr'>qui</span> <span class='ocrx_word' id='word_1_157' title='bbox 925 2204 1095 2282; x_wconf 77' lang='lat' dir='ltr'>&#39;Iluropam</span> <span class='ocrx_word' id='word_1_158' title='bbox 1109 2206 1188 2264; x_wconf 88' lang='lat' dir='ltr'>ineo·</span> 
     </span>
     <span class='ocr_line' id='line_1_21' title="bbox 170 2298 1188 2379; baseline 0.001 -21"><span class='ocrx_word' id='word_1_159' title='bbox 170 2301 244 2373; x_wconf 86' lang='lat' dir='ltr'>lunt,</span> <span class='ocrx_word' id='word_1_160' title='bbox 258 2298 376 2358; x_wconf 90' lang='lat' dir='ltr'>Berden</span> <span class='ocrx_word' id='word_1_161' title='bbox 394 2299 548 2379; x_wconf 88' lang='lat' dir='ltr'>quemdam</span> <span class='ocrx_word' id='word_1_162' title='bbox 569 2299 650 2358; x_wconf 87' lang='lat' dir='ltr'>misit</span> <span class='ocrx_word' id='word_1_163' title='bbox 671 2319 708 2358; x_wconf 86' lang='lat' dir='ltr'>ex</span> <span class='ocrx_word' id='word_1_164' title='bbox 731 2298 839 2376; x_wconf 88' lang='lat' dir='ltr'>amieis,</span> <span class='ocrx_word' id='word_1_165' title='bbox 852 2300 903 2378; x_wconf 89' lang='lat' dir='ltr'>qui</span> <span class='ocrx_word' id='word_1_166' title='bbox 923 2300 1113 2359; x_wconf 90' lang='lat' dir='ltr'>denuneiaret</span> <span class='ocrx_word' id='word_1_167' title='bbox 1133 2302 1188 2377; x_wconf 88' lang='lat' dir='ltr'>eis,</span> 
     </span>
     <span class='ocr_line' id='line_1_22' title="bbox 170 2393 1188 2474; baseline 0.002 -20"><span class='ocrx_word' id='word_1_168' title='bbox 170 2414 207 2455; x_wconf 88' lang='lat' dir='ltr'>ne</span> <span class='ocrx_word' id='word_1_169' title='bbox 222 2393 344 2453; x_wconf 76' lang='lat' dir='ltr'>Tanaim</span> <span class='ocrx_word' id='word_1_170' title='bbox 357 2414 470 2453; x_wconf 86' lang='lat' dir='ltr'>amnem</span> <span class='ocrx_word' id='word_1_171' title='bbox 483 2395 609 2472; x_wconf 77' lang='lat' dir='ltr'>regionis</span> <span class='ocrx_word' id='word_1_172' title='bbox 629 2395 743 2470; x_wconf 89' lang='lat' dir='ltr'>injussu</span> <span class='ocrx_word' id='word_1_173' title='bbox 763 2395 855 2474; x_wconf 88' lang='lat' dir='ltr'>Regis</span> <span class='ocrx_word' id='word_1_174' title='bbox 869 2395 1034 2454; x_wconf 75' lang='lat' dir='ltr'>transirent.</span> <span class='ocrx_word' id='word_1_175' title='bbox 1078 2393 1188 2456; x_wconf 79' lang='lat' dir='ltr'>Eidem</span> 
     </span>
     <span class='ocr_line' id='line_1_23' title="bbox 170 2490 1187 2572; baseline 0.002 -22"><span class='ocrx_word' id='word_1_176' title='bbox 170 2491 349 2564; x_wconf 86' lang='lat' dir='ltr'>mandatum,</span> <span class='ocrx_word' id='word_1_177' title='bbox 362 2497 398 2549; x_wconf 90' lang='lat' dir='ltr'>ut</span> <span class='ocrx_word' id='word_1_178' title='bbox 410 2490 656 2568; x_wconf 84' lang='lat' dir='ltr'>eontemplaretur</span> <span class='ocrx_word' id='word_1_179' title='bbox 676 2490 805 2549; x_wconf 92' lang='lat' dir='ltr'>loeorum</span> <span class='ocrx_word' id='word_1_180' title='bbox 826 2491 924 2564; x_wconf 86' lang='lat' dir='ltr'>situm,</span> <span class='ocrx_word' id='word_1_181' title='bbox 939 2497 969 2550; x_wconf 92' lang='lat' dir='ltr'>et</span> <span class='ocrx_word' id='word_1_182' title='bbox 982 2490 1048 2550; x_wconf 90' lang='lat' dir='ltr'>illos</span> <span class='ocrx_word' id='word_1_183' title='bbox 1068 2512 1187 2572; x_wconf 88' lang='lat' dir='ltr'>quoque</span> 
     </span>
     <span class='ocr_line' id='line_1_24' title="bbox 171 2585 914 2665; baseline -0.005 -18"><span class='ocrx_word' id='word_1_184' title='bbox 171 2585 304 2665; x_wconf 79' lang='lat' dir='ltr'>Soythas,</span> <span class='ocrx_word' id='word_1_185' title='bbox 317 2586 368 2665; x_wconf 91' lang='lat' dir='ltr'>qui</span> <span class='ocrx_word' id='word_1_186' title='bbox 381 2605 468 2664; x_wconf 86' lang='lat' dir='ltr'>super</span> <span class='ocrx_word' id='word_1_187' title='bbox 482 2586 634 2663; x_wconf 84' lang='lat' dir='ltr'>Bosphoro</span> <span class='ocrx_word' id='word_1_188' title='bbox 646 2585 785 2659; x_wconf 88' lang='lat' dir='ltr'>ineolunt,</span> <span class='ocrx_word' id='word_1_189' title='bbox 799 2585 914 2646; x_wconf 83' lang='lat' dir='ltr'>viseret</span> 
     </span>
    </p>

    <p class='ocr_par' dir='ltr' id='par_1_3' title="bbox 231 2679 1231 2760">
     <span class='ocr_line' id='line_1_25' title="bbox 231 2679 1231 2760; baseline 0 -20"><span class='ocrx_word' id='word_1_190' title='bbox 231 2686 277 2740; x_wconf 80' lang='lat'>25.</span> <span class='ocrx_word' id='word_1_191' title='bbox 301 2680 468 2742; x_wconf 75' lang='lat' dir='ltr'>Condendae</span> <span class='ocrx_word' id='word_1_192' title='bbox 488 2681 570 2741; x_wconf 90' lang='lat' dir='ltr'>urbis</span> <span class='ocrx_word' id='word_1_193' title='bbox 591 2681 690 2739; x_wconf 90' lang='lat' dir='ltr'>sedem</span> <span class='ocrx_word' id='word_1_194' title='bbox 704 2699 791 2758; x_wconf 87' lang='lat' dir='ltr'>snper</span> <span class='ocrx_word' id='word_1_195' title='bbox 815 2681 908 2758; x_wconf 90' lang='lat' dir='ltr'>ripam</span> <span class='ocrx_word' id='word_1_196' title='bbox 923 2679 1031 2740; x_wconf 73' lang='lat' dir='ltr'>Tanais</span> <span class='ocrx_word' id='word_1_197' title='bbox 1046 2681 1185 2760; x_wconf 80' lang='lat' dir='ltr'>elegerat,</span> <span class='ocrx_word' id='word_1_198' title='bbox 1225 2725 1231 2732; x_wconf 75' lang='grc'><strong>-</strong></span> 
     </span>
    </p>
   </div>
   <div class='ocr_carea' id='block_1_3' title="bbox 170 2775 1275 2855">
    <p class='ocr_par' dir='ltr' id='par_1_4' title="bbox 170 2775 1275 2855">
     <span class='ocr_line' id='line_1_26' title="bbox 170 2775 1275 2855; baseline -0.002 -20"><span class='ocrx_word' id='word_1_199' title='bbox 170 2776 329 2837; x_wconf 86' lang='lat' dir='ltr'>elaustrum</span> <span class='ocrx_word' id='word_1_200' title='bbox 353 2785 384 2836; x_wconf 85' lang='lat' dir='ltr'>et</span> <span class='ocrx_word' id='word_1_201' title='bbox 400 2780 462 2855; x_wconf 85' lang='lat' dir='ltr'>jam</span> <span class='ocrx_word' id='word_1_202' title='bbox 485 2775 722 2855; x_wconf 87' lang='lat' dir='ltr'>perdomitorum,</span> <span class='ocrx_word' id='word_1_203' title='bbox 746 2782 776 2834; x_wconf 88' lang='lat' dir='ltr'>et</span> <span class='ocrx_word' id='word_1_204' title='bbox 797 2775 889 2854; x_wconf 73' lang='lat' dir='ltr'>‘quos</span> <span class='ocrx_word' id='word_1_205' title='bbox 911 2775 1015 2834; x_wconf 81' lang='lat' dir='ltr'>deinde</span> <span class='ocrx_word' id='word_1_206' title='bbox 1037 2776 1121 2836; x_wconf 90' lang='lat' dir='ltr'>adire</span> <span class='ocrx_word' id='word_1_207' title='bbox 1136 2777 1185 2837; x_wconf 90' lang='lat' dir='ltr'>de·</span> <span class='ocrx_word' id='word_1_208' title='bbox 1274 2803 1275 2820; x_wconf 47' lang='grc' dir='ltr'>ι</span> 
     </span>
    </p>
   </div>
   <div class='ocr_carea' id='block_1_4' title="bbox 169 2870 1274 3046">
    <p class='ocr_par' dir='ltr' id='par_1_5' title="bbox 169 2870 1274 3046">
     <span class='ocr_line' id='line_1_27' title="bbox 170 2870 1184 2964; baseline -0.001 -33"><span class='ocrx_word' id='word_1_209' title='bbox 170 2880 311 2933; x_wconf 77' lang='lat' dir='ltr'>ereverat</span> <span class='ocrx_word' id='word_1_210' title='bbox 353 2873 412 2933; x_wconf 83' lang='lat' dir='ltr'>Sed</span> <span class='ocrx_word' id='word_1_211' title='bbox 434 2872 587 2932; x_wconf 88' lang='lat' dir='ltr'>eonsilium</span> <span class='ocrx_word' id='word_1_212' title='bbox 602 2870 720 2964; x_wconf 87' lang='lat' dir='ltr'>distulit</span> <span class='ocrx_word' id='word_1_213' title='bbox 745 2871 955 2949; x_wconf 84' lang='lat' dir='ltr'>Sogdianorum</span> <span class='ocrx_word' id='word_1_214' title='bbox 979 2872 1118 2930; x_wconf 76' lang='lat' dir='ltr'>nunciata</span> <span class='ocrx_word' id='word_1_215' title='bbox 1138 2871 1184 2930; x_wconf 90' lang='lat' dir='ltr'>de-</span> 
     </span>
     <span class='ocr_line' id='line_1_28' title="bbox 169 2965 1274 3046; baseline 0.001 -21"><span class='ocrx_word' id='word_1_216' title='bbox 169 2968 267 3042; x_wconf 81' lang='lat' dir='ltr'>feetie,</span> <span class='ocrx_word' id='word_1_217' title='bbox 280 2988 347 3046; x_wconf 76' lang='lat' dir='ltr'>quar</span> <span class='ocrx_word' id='word_1_218' title='bbox 361 2968 532 3026; x_wconf 80' lang='lat' dir='ltr'>Bactrianos</span> <span class='ocrx_word' id='word_1_219' title='bbox 544 2985 658 3046; x_wconf 87' lang='lat' dir='ltr'>qnoque</span> <span class='ocrx_word' id='word_1_220' title='bbox 672 2966 772 3025; x_wconf 85' lang='lat' dir='ltr'>traxit.</span> <span class='ocrx_word' id='word_1_221' title='bbox 816 2966 934 3044; x_wconf 83' lang='lat' dir='ltr'>Septem</span> <span class='ocrx_word' id='word_1_222' title='bbox 947 2965 1040 3026; x_wconf 88' lang='lat' dir='ltr'>millia</span> <span class='ocrx_word' id='word_1_223' title='bbox 1053 2968 1185 3046; x_wconf 86' lang='lat' dir='ltr'>equitnm</span> <span class='ocrx_word' id='word_1_224' title='bbox 1273 2971 1274 2982; x_wconf 60' lang='lat'>¹</span> 
     </span>
    </p>
   </div>
   <div class='ocr_carea' id='block_1_5' title="bbox 73 3061 1274 3150">
    <p class='ocr_par' dir='ltr' id='par_1_6' title="bbox 73 3061 1274 3150">
     <span class='ocr_line' id='line_1_29' title="bbox 73 3061 1274 3150; baseline 0 -30"><span class='ocrx_word' id='word_1_225' title='bbox 73 3072 76 3076; x_wconf 88' lang='lat'>&#39;</span> <span class='ocrx_word' id='word_1_226' title='bbox 173 3069 264 3137; x_wconf 86' lang='lat' dir='ltr'>erant,</span> <span class='ocrx_word' id='word_1_227' title='bbox 284 3082 406 3139; x_wconf 89' lang='lat' dir='ltr'>quornm</span> <span class='ocrx_word' id='word_1_228' title='bbox 425 3062 629 3122; x_wconf 76' lang='lat' dir='ltr'>auctoritatem</span> <span class='ocrx_word' id='word_1_229' title='bbox 650 3061 749 3121; x_wconf 85' lang='lat' dir='ltr'>eseteri</span> <span class='ocrx_word' id='word_1_230' title='bbox 768 3061 971 3140; x_wconf 85' lang='lat' dir='ltr'>sequebantur.</span> <span class='ocrx_word' id='word_1_231' title='bbox 1013 3061 1185 3122; x_wconf 88' lang='lat' dir='ltr'>Alexander</span> <span class='ocrx_word' id='word_1_232' title='bbox 1273 3145 1274 3150; x_wconf 7' lang='grc' dir='ltr'>η</span> 
     </span>
    </p>
   </div>
   <div class='ocr_carea' id='block_1_6' title="bbox 101 3156 1185 3903">
    <p class='ocr_par' dir='ltr' id='par_1_7' title="bbox 101 3156 1185 3810">
     <span class='ocr_line' id='line_1_30' title="bbox 171 3156 1184 3236; baseline 0 -18"><span class='ocrx_word' id='word_1_233' title='bbox 171 3157 367 3234; x_wconf 75' lang='lat' dir='ltr'>Spitamenen</span> <span class='ocrx_word' id='word_1_234' title='bbox 390 3164 421 3216; x_wconf 91' lang='lat' dir='ltr'>et</span> <span class='ocrx_word' id='word_1_235' title='bbox 445 3156 591 3233; x_wconf 80' lang='lat' dir='ltr'>(latenem,</span> <span class='ocrx_word' id='word_1_236' title='bbox 612 3175 630 3216; x_wconf 89' lang='lat' dir='ltr'>a</span> <span class='ocrx_word' id='word_1_237' title='bbox 653 3156 758 3236; x_wconf 88' lang='lat' dir='ltr'>quibus</span> <span class='ocrx_word' id='word_1_238' title='bbox 781 3157 808 3216; x_wconf 89' lang='lat' dir='ltr'>ei</span> <span class='ocrx_word' id='word_1_239' title='bbox 831 3157 959 3216; x_wconf 89' lang='lat' dir='ltr'>traditus</span> <span class='ocrx_word' id='word_1_240' title='bbox 979 3164 1042 3216; x_wconf 88' lang='lat' dir='ltr'>erat</span> <span class='ocrx_word' id='word_1_241' title='bbox 1063 3157 1184 3234; x_wconf 89' lang='lat' dir='ltr'>Bessus,</span> 
     </span>
     <span class='ocr_line' id='line_1_31' title="bbox 171 3252 1184 3332; baseline 0.001 -20"><span class='ocrx_word' id='word_1_242' title='bbox 171 3252 250 3312; x_wconf 89' lang='lat' dir='ltr'>baud</span> <span class='ocrx_word' id='word_1_243' title='bbox 271 3252 377 3312; x_wconf 88' lang='lat' dir='ltr'>dubins</span> <span class='ocrx_word' id='word_1_244' title='bbox 400 3253 471 3331; x_wconf 88' lang='lat' dir='ltr'>quin</span> <span class='ocrx_word' id='word_1_245' title='bbox 491 3273 593 3312; x_wconf 87' lang='lat' dir='ltr'>eornm</span> <span class='ocrx_word' id='word_1_246' title='bbox 606 3256 694 3330; x_wconf 72' lang='lat' dir='ltr'>opera</span> <span class='ocrx_word' id='word_1_247' title='bbox 707 3252 802 3332; x_wconf 87' lang='lat' dir='ltr'>redigi</span> <span class='ocrx_word' id='word_1_248' title='bbox 822 3259 940 3330; x_wconf 87' lang='lat' dir='ltr'>possent</span> <span class='ocrx_word' id='word_1_249' title='bbox 953 3253 985 3310; x_wconf 89' lang='lat' dir='ltr'>in</span> <span class='ocrx_word' id='word_1_250' title='bbox 998 3260 1184 3330; x_wconf 87' lang='lat' dir='ltr'>potestatem,</span> 
     </span>
     <span class='ocr_line' id='line_1_32' title="bbox 169 3347 1185 3429; baseline 0.002 -21"><span class='ocrx_word' id='word_1_251' title='bbox 169 3349 221 3429; x_wconf 87' lang='lat' dir='ltr'>qui</span> <span class='ocrx_word' id='word_1_252' title='bbox 243 3355 420 3408; x_wconf 79' lang='lat' dir='ltr'>novaverant</span> <span class='ocrx_word' id='word_1_253' title='bbox 440 3367 497 3422; x_wconf 90' lang='lat' dir='ltr'>res,</span> <span class='ocrx_word' id='word_1_254' title='bbox 521 3348 611 3425; x_wconf 88' lang='lat' dir='ltr'>jussit</span> <span class='ocrx_word' id='word_1_255' title='bbox 637 3348 752 3406; x_wconf 83' lang='lat' dir='ltr'>aeeerei</span> <span class='ocrx_word' id='word_1_256' title='bbox 795 3349 839 3406; x_wconf 87' lang='lat' dir='ltr'>At</span> <span class='ocrx_word' id='word_1_257' title='bbox 866 3347 920 3425; x_wconf 91' lang='lat' dir='ltr'>illi,</span> <span class='ocrx_word' id='word_1_258' title='bbox 942 3348 1121 3424; x_wconf 83' lang='lat' dir='ltr'>defeotionis,</span> <span class='ocrx_word' id='word_1_259' title='bbox 1147 3350 1185 3410; x_wconf 92' lang='lat' dir='ltr'>ad</span> 
     </span>
     <span class='ocr_line' id='line_1_33' title="bbox 170 3443 1184 3524; baseline 0.001 -22"><span class='ocrx_word' id='word_1_260' title='bbox 170 3464 257 3524; x_wconf 88' lang='lat' dir='ltr'>qnam</span> <span class='ocrx_word' id='word_1_261' title='bbox 270 3443 457 3503; x_wconf 76' lang='lat' dir='ltr'>eobroendam</span> <span class='ocrx_word' id='word_1_262' title='bbox 477 3443 679 3518; x_wconf 88' lang='lat' dir='ltr'>evoeabantur,</span> <span class='ocrx_word' id='word_1_263' title='bbox 700 3450 842 3517; x_wconf 76' lang='lat' dir='ltr'>auctores,</span> <span class='ocrx_word' id='word_1_264' title='bbox 856 3443 1046 3521; x_wconf 87' lang='lat' dir='ltr'>vulgaverant</span> <span class='ocrx_word' id='word_1_265' title='bbox 1066 3444 1184 3520; x_wconf 83' lang='lat' dir='ltr'>famam,</span> 
     </span>
     <span class='ocr_line' id='line_1_34' title="bbox 172 3536 1184 3619; baseline 0 -21"><span class='ocrx_word' id='word_1_266' title='bbox 172 3540 345 3598; x_wconf 76' lang='lat' dir='ltr'>Bactrianos</span> <span class='ocrx_word' id='word_1_267' title='bbox 369 3539 482 3618; x_wconf 87' lang='lat' dir='ltr'>equites</span> <span class='ocrx_word' id='word_1_268' title='bbox 505 3556 523 3596; x_wconf 88' lang='lat' dir='ltr'>a</span> <span class='ocrx_word' id='word_1_269' title='bbox 546 3536 630 3617; x_wconf 85' lang='lat' dir='ltr'>Rege</span> <span class='ocrx_word' id='word_1_270' title='bbox 640 3557 750 3619; x_wconf 88' lang='lat' dir='ltr'>omnes,</span> <span class='ocrx_word' id='word_1_271' title='bbox 771 3545 806 3595; x_wconf 89' lang='lat' dir='ltr'>ut</span> <span class='ocrx_word' id='word_1_272' title='bbox 826 3537 1032 3613; x_wconf 77' lang='lat' dir='ltr'>oeeiderentnr,</span> <span class='ocrx_word' id='word_1_273' title='bbox 1054 3541 1184 3598; x_wconf 87' lang='lat' dir='ltr'>aeeersi:</span> 
     </span>
     <span class='ocr_line' id='line_1_35' title="bbox 171 3633 1185 3714; baseline 0 -21"><span class='ocrx_word' id='word_1_274' title='bbox 171 3635 276 3712; x_wconf 74' lang='lat' dir='ltr'>‘idque</span> <span class='ocrx_word' id='word_1_275' title='bbox 303 3635 476 3714; x_wconf 85' lang='lat' dir='ltr'>imperatum</span> <span class='ocrx_word' id='word_1_276' title='bbox 502 3633 592 3710; x_wconf 85' lang='lat' dir='ltr'>ipsis;</span> <span class='ocrx_word' id='word_1_277' title='bbox 614 3652 672 3691; x_wconf 90' lang='lat' dir='ltr'>non</span> <span class='ocrx_word' id='word_1_278' title='bbox 693 3633 865 3692; x_wconf 91' lang='lat' dir='ltr'>sustinuisse</span> <span class='ocrx_word' id='word_1_279' title='bbox 893 3641 989 3692; x_wconf 88' lang='lat' dir='ltr'>tamen</span> <span class='ocrx_word' id='word_1_280' title='bbox 1010 3634 1126 3712; x_wconf 87' lang='lat' dir='ltr'>exequi,</span> <span class='ocrx_word' id='word_1_281' title='bbox 1147 3655 1185 3694; x_wconf 93' lang='lat' dir='ltr'>ne</span> 
     </span>
     <span class='ocr_line' id='line_1_36' title="bbox 101 3728 1185 3810; baseline 0.002 -23"><span class='ocrx_word' id='word_1_282' title='bbox 101 3751 104 3755; x_wconf 90' lang='lat'><em>·</em></span> <span class='ocrx_word' id='word_1_283' title='bbox 171 3729 348 3807; x_wconf 84' lang='lat' dir='ltr'>inexpiabile</span> <span class='ocrx_word' id='word_1_284' title='bbox 381 3730 412 3788; x_wconf 93' lang='lat' dir='ltr'>in</span> <span class='ocrx_word' id='word_1_285' title='bbox 438 3729 591 3807; x_wconf 90' lang='lat' dir='ltr'>populares</span> <span class='ocrx_word' id='word_1_286' title='bbox 624 3729 736 3786; x_wconf 83' lang='lat' dir='ltr'>sasinus</span> <span class='ocrx_word' id='word_1_287' title='bbox 765 3728 968 3788; x_wconf 86' lang='lat' dir='ltr'>admitterent:</span> <span class='ocrx_word' id='word_1_288' title='bbox 1004 3747 1061 3788; x_wconf 88' lang='lat' dir='ltr'>non</span> <span class='ocrx_word' id='word_1_289' title='bbox 1090 3731 1185 3810; x_wconf 84' lang='lat' dir='ltr'>magis</span> 
     </span>
    </p>

    <p class='ocr_par' dir='ltr' id='par_1_8' title="bbox 135 3822 1182 3903">
     <span class='ocr_line' id='line_1_37' title="bbox 135 3822 1182 3903; baseline 0.002 -21"><span class='ocrx_word' id='word_1_290' title='bbox 135 3851 138 3857; x_wconf 94' lang='lat'>·</span> <span class='ocrx_word' id='word_1_291' title='bbox 172 3825 337 3884; x_wconf 83' lang='lat' dir='ltr'>Alexandri</span> <span class='ocrx_word' id='word_1_292' title='bbox 360 3825 512 3898; x_wconf 77' lang='lat' dir='ltr'>soevitiam,</span> <span class='ocrx_word' id='word_1_293' title='bbox 532 3825 621 3903; x_wconf 71' lang='lat' dir='ltr'>quam</span> <span class='ocrx_word' id='word_1_294' title='bbox 634 3822 722 3884; x_wconf 87' lang='lat' dir='ltr'>Bessi</span> <span class='ocrx_word' id='word_1_295' title='bbox 745 3823 932 3903; x_wconf 75' lang='lat' dir='ltr'>parricidium</span> <span class='ocrx_word' id='word_1_296' title='bbox 952 3825 1029 3884; x_wconf 83' lang='lat' dir='ltr'>lerre</span> <span class='ocrx_word' id='word_1_297' title='bbox 1042 3823 1182 3903; x_wconf 73' lang='lat' dir='ltr'>potuisse.</span> 
     </span>
    </p>
   </div>
   <div class='ocr_carea' id='block_1_7' title="bbox 0 0 1300 4400">
    <p class='ocr_par' dir='ltr' id='par_1_9' title="bbox 0 0 1300 4400">
     <span class='ocr_line' id='line_1_38' title="bbox 0 0 1300 4400; baseline 0 0"><span class='ocrx_word' id='word_1_298' title='bbox 0 0 1300 4400; x_wconf 95' lang='lat' dir='ltr'> </span> 
     </span>
    </p>
   </div>
  </div>
 </body>
</html>
