2592 4400
184 360 245 421 ato
352 334 360 355 ⁰
534 378 675 431 coram
703 378 862 421 curru·

183 526 250 579 rant
263 518 377 595 ripam:
397 521 462 579 obm
482 518 612 597 procella
635 517 758 580 imbrem
771 518 823 580 vix
845 516 900 579 sub
914 518 1000 579 tectis
1020 518 1210 581 tolerabilem

183 613 296 686 effodit,
310 612 465 693 obrutique
488 614 597 673 milites
618 614 717 675 nimbo
741 614 772 673 iu
794 621 901 673 terram
923 615 1104 691 refugerunt,
1126 616 1211 675 navi·

182 708 240 789 giis
252 708 421 787 ratibusque
435 708 568 769 desertis.
601 708 661 771 Sed
675 708 917 769 tumultuantium
931 710 1075 784 fremitus,
1092 709 1210 770 obstro·

182 804 319 883 pentibus
332 804 414 882 ripis,
428 804 465 865 ab
478 804 562 865 hoste
575 824 633 864 nou
647 812 763 883 poterat
777 805 880 865 audiri.
924 804 1041 865 Deinde
1056 814 1210 867 momento

183 900 323 977 temporis
344 919 496 979 repressus
517 909 564 959 est
585 900 685 961 imber.
730 900 878 961 Oaeterdm
898 901 972 961 adeo
986 901 1089 980 spissae
1111 902 1210 961 inteu-

182 996 253 1056 dtre
280 1016 312 1056 se
338 995 439 1070 nubes,
464 1004 500 1054 ut
525 996 685 1055 conderent
708 996 811 1071 lucem,
839 995 947 1075 vixque
975 996 1211 1075 colloquentium

182 1090 261 1151 inter
274 1091 353 1169 ipsos
366 1092 456 1151 facies
479 1092 704 1151 noscitarentur.
749 1092 769 1121 ¹'
781 1090 948 1151 Terruisset
971 1091 1060 1151 alium
1075 1092 1211 1151 obducta

182 1206 242 1247 nox
256 1188 338 1261 eoelo,
352 1188 421 1245 orlm
441 1188 541 1265 ignoto
555 1206 639 1245 amne
660 1186 854 1266 navigandum
875 1194 961 1261 esset,
975 1187 1099 1247 forsitan
1122 1188 1210 1247 hoste

183 1303 248 1343 eam
270 1284 363 1361 ipsam
377 1282 480 1361 ripam,
494 1303 581 1362 quam
604 1283 675 1341 omni
694 1290 781 1361 atque
801 1282 964 1361 improvidi,
978 1290 1008 1341 et
1023 1302 1060 1341 ex
1073 1284 1211 1361 periculo

183 1378 305 1459 gloriam
321 1378 343 1407 ¹⁸
353 1387 534 1438 accersentes
547 1378 694 1455 petebant,
709 1386 885 1455 occupante:
906 1377 1124 1454 obscuritatem,
1140 1400 1211 1459 quae

183 1482 304 1534 caeteros
338 1473 476 1547 terrebat,
508 1492 591 1532 suam
624 1472 802 1532 occasionem
836 1479 926 1549 ratus,
957 1473 1026 1533 dato
1056 1475 1144 1554 siguo
1173 1483 1211 1535 ut

183 1588 284 1629 omnes
297 1568 415 1629 silentio
428 1568 619 1629 escenderent
639 1569 670 1627 in
692 1575 781 1643 rates,
797 1588 869 1643 eam,
883 1570 942 1648 qut
955 1568 1018 1646 ipse
1031 1570 1209 1648 vehebatur,

183 1665 306 1743 primam
326 1665 417 1742 jussit
431 1665 451 1693 ¹·
461 1664 578 1743 expelli.
620 1664 725 1724 Vacua
745 1670 808 1723 erat
830 1664 867 1725 ab
885 1664 1020 1735 hostibus
1040 1665 1116 1742 ripa,
1140 1686 1210 1745 quae

184 1759 358 1839 petebatur:
388 1760 496 1839 quippe
516 1760 610 1819 adhuc
634 1760 730 1819 Porus
754 1758 947 1819 Ptolemaeum
970 1761 1087 1818 tantum
1110 1760 1208 1821 intue-

184 1854 279 1915 batur.
331 1854 401 1915 Uni
414 1856 484 1933 ergo
498 1854 576 1929 navi,
590 1874 677 1933 quam
690 1861 782 1933 petrae
794 1855 900 1913 fluctus
915 1853 1047 1929 illiserat,
1062 1853 1207 1929 haerente,

182 1958 298 2011 caterae
319 1951 466 2011 evadunt:
488 1969 625 2030 armaque
646 1968 750 2028 capere
770 1949 888 2025 milites,
903 1957 933 2010 et
956 1949 1000 2009 ire
1024 1948 1055 2007 in
1069 1950 1208 2011 ordinem
1274 2008 1277 2015 .

151 2048 154 2054 ’
189 2048 287 2124 jussit
1041 2069 1043 2074 ’
1276 2116 1277 2119 ¹

243 2141 334 2202 XIV.
357 2144 403 2202 45.
426 2141 553 2222 Jamque
574 2160 679 2220 agmon
701 2140 730 2199 iu
753 2158 861 2200 cornua
885 2139 1011 2201 divisum
1031 2139 1095 2219 ipse
1116 2140 1206 2202 duce·
1276 2136 1277 2164 ¹

183 2237 244 2311 bat,
265 2240 335 2296 cum
357 2237 438 2296 Poro
458 2238 623 2312 nunciatur,
644 2237 733 2296 armis
753 2236 882 2315 virisque
907 2236 1000 2314 ripam
1020 2236 1158 2313 obtineri,
1174 2245 1207 2298 et

184 2333 302 2392 ¹rerum
323 2332 426 2391 edesse
449 2332 612 2390 dmorimen
655 2332 703 2391 Ao
727 2332 830 2409 primd,
851 2331 971 2390 humani
995 2332 1105 2409 ingenii
1117 2333 1204 2408 vitio,

183 2426 245 2503 spei
267 2446 329 2486 sum
350 2425 513 2504 indulgens,
528 2426 686 2487 Abisarem
705 2424 777 2487 belli
798 2425 918 2501 socium,
934 2424 977 2501 (et
1001 2426 1044 2484 ita
1063 2445 1205 2488 couvene-
1275 2425 1276 2482 l

183 2523 253 2599 rat,)
267 2520 425 2582 adrerum
438 2521 583 2582 credebat
637 2521 710 2580 Mox
724 2515 881 2600 liquidiore
895 2521 961 2580 luce
975 2521 1123 2599 aperiente
1138 2522 1204 2584 hos

183 2625 253 2692 tem,
276 2617 442 2696 quadrigas,
466 2624 497 2676 et
517 2624 643 2696 quatuor
664 2616 759 2676 millia
782 2616 913 2696 equitum
940 2616 1070 2676 venienti
1092 2618 1203 2694 agmini

184 2713 280 2773 Porus
304 2712 420 2790 objecit.
462 2713 533 2772 Dux
554 2719 618 2772 erat
639 2712 797 2790 copiarum,
824 2731 897 2790 quas
920 2713 1070 2792 praemisit,
1099 2712 1203 2792 Hages

182 2810 274 2868 frater
301 2810 400 2887 ipsius.
458 2808 577 2869 Summa
603 2806 710 2868 virium
744 2807 775 2866 in
802 2808 943 2869 curribus,
1001 2808 1094 2868 Senos
1120 2810 1203 2870 viros

183 2906 291 2985 singuli
305 2906 457 2982 vehebant,
473 2905 546 2964 duos
569 2904 727 2983 clypeatus,
742 2904 815 2963 duos
836 2903 1004 2983 sagittarios
1024 2903 1061 2964 ab
1074 2911 1201 2984 utroque

183 2999 276 3060 latere
299 3001 473 3077 dispositos;
496 3000 595 3060 eaeteri
616 2999 728 3078 anrigae
751 3005 834 3058 erant
858 2998 937 3058 haud
961 3000 1030 3056 saue
1057 2999 1200 3058 inermes:

182 3096 290 3174 quippe
301 3096 399 3172 jacula
411 3095 569 3172 complura,
581 3095 633 3156 ubi
645 3094 779 3154 nomimis
798 3094 993 3173 proeliandum
1007 3102 1078 3169 erat,
1093 3095 1201 3155 'omis-

184 3191 226 3250 sis
248 3190 375 3264 habenis,
390 3191 421 3249 iu
442 3191 556 3250 hostem
577 3189 754 3270 ingerebant.
799 3189 946 3252 (laetorum
960 3192 1010 3274 vix
1030 3191 1109 3252 ullus
1128 3211 1201 3252 usus

173 3275 272 3365 'hujus
294 3285 397 3344 auxilii
421 3305 455 3345 eo
477 3286 525 3345 die
548 3286 614 3345 fuit
652 3285 793 3371 ¹Namque
818 3285 864 3362 (ut
888 3287 977 3364 supra
1002 3287 1113 3346 dictum
1142 3289 1201 3367 est)

184 3384 278 3445 imber
290 3383 444 3442 violentius
457 3384 552 3462 quim.
567 3384 642 3442 aliis
664 3383 756 3458 fusus,
770 3401 886 3460 campos
906 3382 1034 3444 lubricos
1048 3390 1079 3442 et
1092 3383 1201 3464 inequi-

185 3480 291 3540 tabiles
315 3480 439 3538 lecerat:
460 3498 618 3558 gravesque
639 3485 671 3538 et
693 3477 901 3556 propemodum
921 3478 1084 3538 immobiles
1098 3499 1202 3538 currus

185 3577 287 3636 illuvie
301 3583 333 3634 et
345 3575 532 3653 voraginibus
546 3574 703 3634 haerebant.
755 3571 866 3648 Contra
879 3572 1050 3640 Alexander
1063 3575 1202 3653 expedito

186 3674 292 3733 aeleri
311 3673 423 3750 agmine
438 3672 556 3730 suenni
576 3671 708 3729 invectus
728 3678 781 3729 est.
825 3668 943 3746 Scythae
956 3675 986 3726 et
999 3669 1095 3730 Dahae
1114 3671 1203 3751 primi

186 3770 316 3828 omnium
330 3768 460 3828 invasere
474 3767 584 3826 Indos:
607 3765 780 3825 Perdiccam
800 3765 905 3824 deinde
919 3785 988 3824 eum
1002 3766 1152 3844 equitibus
1172 3767 1203 3826 in

187 3864 325 3922 dextrum
338 3882 428 3922 cornu
441 3863 567 3921 hostium
581 3861 683 3920 emisit.
