2592 4400
409 388 533 430 marn
560 389 593 429 x.
622 390 707 431 oar.
736 390 827 431 vrrs.
1074 377 1130 436 aot

112 527 232 589 dabant.
275 526 306 587 N
306 545 339 587 eo
351 524 436 603 velle,
450 546 504 587 nso
514 527 593 588 nolle
605 528 764 608 quidquam
777 530 828 589 diu
846 537 994 610 poterant3
1016 532 1134 611 poenite·

112 622 225 701 batque
244 622 330 682 modd
353 623 475 699 oonsilii,
496 624 581 684 modd
603 625 782 703 poenitentia
803 626 912 705 ipsius:
934 628 973 687 a'd
997 629 1134 688 ultimum

114 719 272 777 tamenin
295 719 413 797 stirpem
439 721 548 800 regiam
575 721 769 784 ‘inclinavere
789 723 904 784 studiis
947 722 1079 784 Cesserat
1098 744 1134 784 ex

115 815 254 873 oonoione
274 814 412 897 Aridaeus
430 816 591 894 principum
612 818 786 877 auctoritate
807 818 999 879 conterritus:
1021 826 1050 879 et
1070 821 1133 880 abe·

113 917 187 967 unte
208 910 270 984 illo,
290 911 469 970 oontieuerat
491 912 585 991 magis
605 915 694 991 quam
713 913 866 991 languerat
885 914 1021 973 militaris
1042 916 1131 997 saror.

56 1007 60 1015 '
114 1004 222 1082 Itaque
247 1013 408 1080 reroeatus,
434 1013 545 1066 vestem
570 1008 680 1084 fratris,
708 1028 771 1067 eam
799 1008 899 1086 ipsam,
919 1028 984 1087 quae
1003 1008 1034 1067 in
1061 1010 1133 1069 sella

111 1101 210 1177 posita
232 1100 334 1176 fuerat,
358 1102 495 1162 induitur.
538 1103 581 1161 Et
603 1104 760 1183 Meleager,
774 1104 891 1163 thoraoe
912 1112 1034 1182 sumpto,
1056 1106 1132 1183 oepit

112 1216 204 1271 arma,
225 1197 294 1255 novi
314 1197 407 1275 Regis
430 1198 555 1259 satelles.
606 1199 745 1277 Sequitur
763 1199 888 1277 phalanx
907 1200 999 1259 hastis
1019 1200 1133 1279 clypeos

111 1294 257 1371 quatiens,
278 1294 456 1370 expleturum
478 1313 509 1353 se
531 1295 669 1373 sanguine
691 1294 817 1370 illorum,
838 1296 907 1374 ‘qui
931 1296 1133 1357 affeotaverant

111 1387 188 1446 nihil
207 1389 245 1446 ad
269 1388 345 1467 ipsos
365 1390 514 1467 pertinens
534 1410 670 1469 regnum:
690 1392 722 1449 in
744 1392 847 1451 eadem
867 1392 950 1451 domo
963 1392 1132 1473 familiaque

111 1483 230 1561 imperii
243 1485 321 1544 vires
337 1504 520 1545 remansuras
534 1506 596 1545 esse
610 1486 793 1565 gandebant:
815 1488 1032 1548 haereditarium
1046 1489 1131 1567 impe·

109 1580 190 1639 rium
212 1580 332 1657 stirpem
353 1582 462 1660 regiam
474 1582 705 1642 vindicaturam:
727 1591 857 1642 assuetos
871 1602 901 1642 se
920 1603 1022 1643 nomen
1036 1584 1131 1662 ipsum

111 1674 209 1733 oolere
222 1675 424 1754 venerarique;
446 1694 500 1733 neo
513 1696 685 1755 quemquam
699 1676 730 1734 id
743 1696 852 1755 capere,
866 1678 942 1737 'nisi
954 1678 1084 1757 genitum
1097 1685 1131 1738 nt

109 1777 254 1849 regnaret

172 1868 220 1925 20.
243 1865 338 1945 Igitur
359 1866 514 1926 Perdieoas
537 1866 658 1925 territus
680 1866 822 1942 eonolave,
842 1868 949 1947 inquo
970 1868 1129 1929 Alexandri

110 1980 216 2039 eorpus
235 1961 358 2037 jacebat,
373 1961 501 2021 obserari
511 1962 604 2040 jubet.
647 1962 782 2023 sexcenti
796 1981 861 2022 oum
881 1960 947 2042 ipso'
958 1973 1039 2023 erant
1053 1984 1129 2043 spea-

108 2064 184 2116 tatas
195 2056 323 2115 virtutis.
373 2056 549 2116 Ptolemaeus
561 2059 673 2136 qnoque
688 2076 718 2119 se
733 2058 905 2134 adjunxerat
918 2058 953 2134 ei,
966 2079 1128 2137 puerorum·

108 2172 167 2233 qne
190 2151 271 2231 regia
299 2151 408 2214 oohors.
450 2150 600 2213 catarum
621 2152 700 2212 haud
722 2153 877 2214 difficulter
896 2174 913 2213 a
934 2161 978 2213 tot
998 2142 1128 2216 millibus

108 2256 285 2334 armatorum
302 2251 429 2309 claustra
441 2250 585 2327 perfracta
597 2258 673 2309 sunt.
716 2251 757 2310 Et
771 2251 837 2310 Rex
849 2254 962 2329 quoque
976 2251 1127 2329 irruperat,

108 2345 237 2423 stipatus
263 2346 422 2406 satellitum
449 2344 546 2419 rurba,
573 2364 695 2423 quorum
722 2345 852 2423 princeps
880 2353 942 2404 erat
970 2346 1125 2425 Meleager.
1234 2341 1236 2350 ’

107 2439 264 2519 Iratusqne
286 2440 441 2500 Perdiooas
461 2440 523 2515 hos,
536 2441 588 2518 qui
609 2440 771 2514 Alexandri
792 2459 894 2519 eorpus
914 2441 990 2500 tueri
1010 2441 1126 2517 vellent,

108 2543 247 2595 sevocat:
268 2536 320 2594 sed
333 2537 384 2614 qni
406 2536 580 2613 irruperant,
594 2518 789 2594 eminrls⁸⁸tela
802 2537 831 2594 in
846 2538 940 2615 ipsum
962 2537 1126 2613 jaciebant:

106 2629 266 2708 multisque
291 2631 462 2705 vulneratis,
489 2630 606 2688 taudem
637 2630 774 2704 seniores,
802 2631 926 2708 demptis
952 2629 1042 2709 galeis
1068 2633 1126 2708 qud

106 2725 223 2784 faoilils
235 2725 314 2784 nosoi
327 2732 454 2804 possent,
467 2725 588 2802 pretori,
601 2725 653 2804 qui
666 2743 730 2782 ourn
741 2725 882 2784 Perdiooa
897 2732 989 2798 erant,
1003 2729 1124 2801 ooepere,
1197 2785 1206 2802 .

106 2829 143 2880 ut
158 2820 334 2880 abstinerent
355 2821 440 2895 bello,
455 2821 587 2899 Regiqne
600 2821 649 2878 ‘et
668 2810 799 2897 pluribus
812 2819 955 2878 oederent
1005 2819 1124 2879 Primus

105 2917 262 2976 Perdiooas
283 2937 362 2976 arma
384 2917 526 2994 deposuit,
548 2916 701 2993 caeterique
722 2914 798 2972 idem
818 2914 921 2973 faeere.
975 2913 1124 2993 Meleagro

106 3013 213 3071 deludi·
237 3013 374 3072 suadente
394 3032 430 3072 ne
443 3032 461 3069 a
474 3031 590 3089 torpore
605 3010 766 3071 Alexandri
787 3009 996 3086 ’discederent
1010 3010 1124 3072 insidiis

105 3109 203 3168 loonrn
225 3108 316 3186 quaeri
338 3107 403 3181 rati,
424 3106 539 3166 diversa
562 3109 650 3186 regiae
669 3114 751 3183 parte
770 3105 807 3164 ad
828 3105 1007 3184 Euphratem
1027 3107 1124 3186 iugum

107 3204 269 3264 intendunt.
311 3203 476 3282 Equitatus,
489 3203 539 3281 qui
554 3223 590 3261 ex
602 3201 789 3262 nobilissimis
808 3204 947 3280 juvenum
961 3203 1121 3278 oonstabat,

106 3299 277 3359 Perdiooam
306 3307 336 3358 et
363 3298 521 3357 Leonatum
552 3299 689 3377 frequens
722 3299 902 3376 sequebatur,
936 3299 1122 3376 placebatque

104 3395 241 3454 excedere
254 3395 326 3454 urbe
340 3402 370 3453 et
383 3396 402 3424 ¹⁰
411 3394 528 3452 tendere
541 3393 572 3450 in
592 3393 708 3471 eampis.
751 3395 808 3454 sed
830 3393 982 3454 Perdiooas
994 3413 1030 3451 ne
1043 3392 1121 3469 pedi·

104 3499 150 3549 tes
174 3490 291 3569 quidem
315 3496 462 3549 seouturos
485 3485 581 3567 ipsum
604 3489 780 3566 desperabat.
833 3491 944 3566 Itaque,
968 3506 1004 3546 ne
1032 3486 1120 3547 abdu-

102 3586 195 3644 oendo
209 3585 321 3664 equites
343 3584 490 3662 abrupisse
510 3603 528 3643 a
548 3592 653 3644 eaetero
674 3584 803 3644 exercitu
822 3584 978 3657 videretur,
999 3582 1030 3639 in
1049 3581 1120 3640 urbe

16 3680 17 3693 ¹
101 3681 243 3742 substitit.

160 3775 257 3835 vm.
280 3779 327 3835 21.
349 3775 392 3834 as
414 3775 563 3853 Meleager
585 3775 696 3852 negem
717 3792 833 3839 monere
854 3791 912 3832 non
925 3733 1049 3846 essessa,
1068 3773 1118 3848 jn

100 3871 215 3948 imperii
230 3871 375 3931 Perdioeaa
389 3878 488 3928 morte
501 3869 685 3926 sanciendum
707 3887 785 3943 esse3
807 3872 839 3925 ni
860 3872 1014 3944 ooenpetur
1028 3866 1115 3943 impe
1176 3907 1185 3930 ,
