2592 4400
381 438 504 480 ursus
530 440 602 482 vri.
630 440 716 481 csr.
745 438 806 482 111.
1047 423 1103 485 us

83 602 142 657 rat.
183 594 364 655 Felicissimo
377 594 463 674 Regi,
478 601 509 653 et
522 594 618 654 omnia
630 594 668 654 ad
680 596 805 657 fortunus
818 616 879 655 suas
898 596 1025 677 exigenti
1044 616 1102 657 mo·

83 690 164 766 dum,
184 689 334 749 satisfecit.
376 690 587 769 ¹Septuaginta
606 696 692 749 natus
713 710 808 767 annos,
826 691 941 768 juvenis
961 692 1050 768 ducis,
1072 698 1103 750 et

83 787 165 863 saepe
178 785 267 844 etiam
280 784 406 864 gregarii
419 784 522 844 militis
535 784 634 843 munia
643 785 786 863 explevit3
803 804 867 845 acer
877 786 1005 862 consilio,
1016 806 1103 845 manu

82 888 232 954 strenuus,
240 898 327 938 carus
336 879 523 957 principibus,
535 879 622 959 vulgo
629 880 754 938 militum
761 881 908 958 acceptior.
938 883 959 911 ¹⁰
970 880 1042 941 Haec
1052 882 1102 939 im-

82 975 215 1053 pulerint
228 994 294 1033 eum
307 974 345 1033 ad
357 975 440 1053 regni
453 967 650 1052 cupiditatem,
663 994 700 1033 an
713 982 827 1033 tantum
847 983 1011 1053 suspectum
1031 978 1102 1035 fece-

82 1072 155 1144 rint,
170 1069 277 1147 ambigi
289 1076 404 1147 potest3
429 1070 449 1097 ¹¹
459 1070 528 1148 quia
541 1069 685 1145 Philotas,
698 1068 808 1128 ultimis
819 1070 991 1129 cruciatibus
1001 1070 1102 1145 victus,

81 1182 192 1224 verane
206 1163 323 1238 dixerit,
336 1183 401 1241 quae
420 1165 498 1222 facta
517 1163 633 1241 probari
651 1183 709 1222 non
729 1171 923 1242 poterentur
942 1164 1023 1224 falsis
1045 1172 1103 1223 tor-

81 1265 251 1317 mentorum
263 1259 381 1335 petierit
393 1260 487 1333 finem,
500 1276 532 1317 re
544 1278 657 1337 quoque
676 1259 793 1333 recenti,
808 1261 875 1317 culm
894 1260 986 1340 magis
1006 1266 1102 1338 posset

81 1356 207 1435 liquere,
222 1354 386 1415 dubitatum
399 1362 450 1415 est.
493 1354 669 1431 Alexander,
683 1374 756 1434 quos
776 1354 868 1416 libere
889 1364 1011 1414 mortem
1032 1356 1102 1414 Par-

81 1450 228 1510 menionis
241 1458 408 1529 conquestos
421 1470 484 1509 esse
493 1457 679 1528 compererat,
693 1450 865 1528 separandos
878 1471 896 1509 a
909 1459 1011 1512 caetero
1025 1470 1102 1510 exer·

82 1546 149 1604 citu
162 1552 252 1619 ratus,
266 1545 297 1602 iu
310 1565 396 1603 unam
409 1544 556 1604 cohortem
569 1544 701 1622 secrevit,
715 1545 871 1625 ducemque
884 1546 930 1605 his
945 1546 1102 1605 Leonidam

82 1641 181 1715 dedit,
196 1647 226 1698 et
238 1641 335 1718 ipsum
347 1640 533 1699 Parmenioni
545 1641 687 1719 quondam
707 1642 810 1700 intimat
830 1641 1026 1701 familiaritate
1039 1660 1102 1699 con-

88 1739 235 1814 junctum.
276 1736 352 1793 Fere
366 1736 455 1793 iidem
468 1743 560 1810 crant,
574 1755 645 1814 quos
661 1737 679 1765 ¹²
689 1736 795 1815 alioqui
816 1736 882 1795 Rex
901 1736 1041 1797 habuerat
1061 1736 1103 1793 in-

82 1831 175 1891 visos.
218 1829 248 1887 N
249 1850 295 1888 am
308 1832 375 1887 crim
389 1830 513 1907 experiri
526 1831 615 1889 vellet
627 1829 753 1889 militum
773 1831 890 1905 animos,
906 1832 924 1859 ¹¹
936 1830 1101 1907 admonuit;

83 1924 212 2003 “siquis
234 1924 347 1983 litteras
369 1924 400 1982 iu
421 1924 620 1983 Macedoniam
639 1925 677 1983 ad
699 1944 766 1983 suos
786 1925 957 2002 scripsisset,
970 1924 1015 2000 iis,
1031 1942 1103 2002 quos

83 2020 151 2098 ipse
164 2020 309 2094 mittebat,
322 2019 478 2096 perlaturis
491 2040 555 2078 cum
569 2020 634 2094 fide,
650 2020 804 2081 traderet.”
846 2020 864 2049 ¹⁴
875 2017 1052 2098 Simpliciter
1066 2019 1103 2078 ad

83 2114 263 2173 necessarios
277 2132 342 2172 suos
354 2115 473 2193 quisque
487 2116 648 2192 scripserat,
659 2134 723 2194 quae
736 2114 883 2176 sentiebat.
918 2114 995 2173 Aliis
1008 2116 1104 2193 gravis

85 2215 159 2284 erat,
173 2207 318 2287 plerisque
330 2229 388 2268 non
401 2209 516 2288 ingrata
528 2192 641 2269 militia.
683 2209 733 2268 Its
747 2216 776 2268 et
789 2210 935 2289 agentium
954 2211 1104 2290 gratisset
1166 2213 1168 2220 '

85 2304 267 2384 querentium
280 2304 388 2363 litterae
400 2312 528 2382 exceptae
541 2312 617 2366 sunt.
661 2307 679 2334 ¹¹
689 2305 731 2364 Et
744 2306 793 2384 qui
806 2307 881 2365 forts
895 2305 1014 2365 radium
1027 2305 1104 2366 labo-

86 2401 131 2460 ris
142 2418 196 2477 per
208 2398 322 2457 litteras
335 2407 417 2458 eraut
436 2400 540 2478 questi,
554 2398 626 2458 hano
646 2405 770 2460 seorsum
791 2402 934 2460 cohortem
954 2421 971 2460 a
992 2401 1105 2460 caeteris

86 2493 208 2554 tendere
229 2493 393 2571 ignominias
413 2498 500 2552 causa
518 2494 617 2571 jubet3
645 2495 815 2554 fortitudine
833 2515 939 2556 usurus
962 2489 992 2553 in
1018 2496 1104 2571 bello,

86 2589 258 2648 libertatem
271 2588 379 2666 linguae
392 2588 429 2648 ab
442 2589 559 2649 auribus
569 2589 694 2649 credulis
703 2598 869 2652 remoturus.
893 2590 934 2650 Et
944 2591 1104 2666 consilium,

86 2682 276 2742 temerarium
308 2683 432 2742 forsitan
459 2684 574 2762 (quippe
600 2685 752 2743 fortissimi
778 2687 899 2762 juvenes
925 2685 1105 2744 contumeliis

85 2777 201 2837 irritati
228 2780 330 2855 eraut),
357 2777 434 2836 sieut
466 2779 561 2836 omnia
595 2779 654 2837 alia
686 2779 811 2837 felicitas
839 2777 929 2858 Regis
958 2779 975 2808 ¹¹
985 2779 1103 2856 excepit

88 2873 179 2932 Nihil
201 2872 264 2930 illis
287 2872 326 2931 ad
348 2872 425 2931 bella
446 2873 608 2951 promptius
630 2871 695 2933 fuit
737 2872 885 2934 Incitabat
912 2873 1048 2932 uirtutem
1076 2881 1106 2931 et

85 2967 258 3048 ignominiae
278 2966 424 3028 demendae
444 2968 556 3046 cupido,
579 2975 610 3026 et
630 2969 698 3047 quia
718 2969 840 3027 fortiora
860 2970 938 3027 facta
957 2967 988 3026 in
1008 2967 1106 3046 paucis

86 3065 185 3123 latere
195 3081 253 3122 non
266 3069 407 3139 poterant.

150 3157 215 3218 ΙΙΙ
236 3162 264 3217 9.
286 3157 345 3216 His
366 3157 411 3215 ital
431 3157 606 3234 compositis,
627 3158 803 3234 Alexander,
827 3159 963 3218 Ariorum
986 3159 1107 3238 Satrapc

88 3253 261 3328 constituto,
276 3253 333 3312 iter
345 3253 529 3338 proqunciari
539 3253 624 3331 jubet
637 3254 670 3311 in
689 3254 847 3332 Ariaspss;
869 3275 941 3334 quos
957 3257 1019 3333 jam
1038 3263 1107 3314 tunc

87 3355 206 3407 mutato
217 3347 332 3406 nomine
346 3349 513 3422 Euergetas
526 3349 718 3425 appellebant,
734 3351 742 3377 ¹
753 3368 788 3407 ex
808 3370 864 3428 quo
878 3351 985 3430 frigore
998 3351 1107 3411 victus·

88 3463 146 3521 quc
167 3442 291 3520 penuria
314 3441 384 3520 Gyri
407 3443 567 3501 exercitum
588 3443 721 3502 affectum
742 3444 827 3503 tectis
847 3453 876 3504 et
904 3443 1107 3503 commeatibus

95 3541 244 3616 juverant
287 3536 412 3607 Quintus
425 3537 488 3597 dies
501 3545 572 3611 erat,
587 3546 622 3596 ut
635 3538 667 3596 in
680 3557 743 3596 eam
757 3539 902 3618 regionem
922 3544 1105 3616 pervenerat3
1142 3547 1144 3555 ⁴

90 3632 241 3712 cognoscit
254 3632 479 3707 Satibaraauem,
492 3633 543 3710 qui
556 3632 594 3690 ad
607 3632 730 3692 Bessum
744 3633 894 3708 defecerat,
904 3653 968 3691 cum
980 3631 1108 3710 equitum

91 3748 180 3785 manu
194 3726 335 3804 irrupisse
348 3728 452 3785 rursrls
464 3728 495 3784 in
509 3727 605 3786 Arios
647 3726 749 3805 Itaque
758 3727 910 3805 praemittit
925 3724 1108 3786 Garanumet

94 3821 250 3902 Erigyium
262 3840 328 3879 cum
341 3821 489 3881 Artabazo
501 3827 532 3880 et
544 3820 721 3896 Andronico,
735 3829 764 3880 et
778 3840 829 3880 sex
849 3821 977 3899 millibus
997 3819 1108 3879 Graeco·

92 3937 161 3977 rum
177 3916 331 3997 peditum:
350 3914 480 3976 sexcenti
499 3916 611 3996 equites
630 3917 830 3996 sequebantur.
873 3915 941 3994 Ipse
960 3915 1109 3996 sexaginta
