2592 4400
190 342 246 399 15⁴
325 396 334 413 ο
535 352 675 404 cornui
703 348 841 391 cunuti

182 495 311 574 Jamque
334 494 396 555 hnc
416 492 482 571 ipsa
500 490 638 551 ιΙίωουιι
659 488 833 563 defecerant,
855 488 1080 563 rom-jumenta,
1093 482 1205 564 quitur

181 610 273 650 onera
298 588 462 667 portabant,
482 585 599 661 ‚oaedero
619 584 695 661 jussi
717 590 804 643 sunt:
833 582 936 641 horum
957 600 1051 654 carno,
1076 580 1146 639 (lum
1172 578 1205 637 in

184 685 357 745 Bactrianos
369 690 552 761 perventum,
568 682 586 709 ¹¹
596 684 714 739 traxere
727 678 827 740 vitam.

245 782 288 839 16.
310 776 476 839 Bactrianus
488 784 575 836 urta)
587 774 742 852 multiplex
756 779 787 832 et
801 771 881 833 varia
893 778 998 829 natura
1011 776 1065 829 est
1108 770 1128 797 ¹¹
1136 768 1205 827 Ali·

182 874 213 935 bi
226 873 320 933 multa
333 872 428 947 arbor,
442 877 473 931 ot
492 870 563 931 vitis
583 869 683 948 largos
697 868 840 946 mitesque
860 856 973 925 fructub
987 865 1049 924 alit
1095 864 1206 925 Solum

181 968 288 1047 pingue
312 967 407 1029 crebri
428 967 523 1025 tontes
547 965 650 1044 rigant.
708 962 781 1034 Quas
804 962 921 1021 mitiora
948 967 1025 1035 sunt,
1051 959 1206 1019 frumento

181 1070 380 1123 conseruntur.
422 1060 538 1123 Caetera
559 1064 754 1119 armentorum
774 1057 880 1135 pabulo
903 1055 1017 1115 cedunt
1060 1054 1206 1131 Magnam

183 1159 203 1187 ¹⁸
214 1158 320 1218 deinde
333 1164 446 1235 purtem
459 1154 592 1233 ejusdem
611 1160 698 1213 terrae
719 1152 833 1212 steriles
847 1170 941 1211 aronae
954 1158 1063 1209 tenent
1106 1150 1205 1229 Squa-

181 1252 242 1312 lide
256 1253 387 1312 siccitate
400 1252 481 1328 regio
495 1269 553 1309 non
565 1248 720 1322 hominem,
734 1266 791 1306 uon
804 1247 918 1325 frugem
932 1246 993 1304 alit
1038 1243 1114 1305 Orim
1129 1246 1206 1304 verb

181 1348 263 1408 renti
277 1367 296 1405 a
309 1346 432 1405 Pontico
446 1344 519 1404 mori
533 1344 654 1422 spirant,
668 1341 808 1422 quioquid
829 1341 923 1401 sabuli
936 1341 967 1400 in
981 1339 1090 1419 campis
1108 1342 1205 1416 jacet,

182 1447 364 1501 converrunt.
417 1438 505 1511 Quod
528 1439 580 1500 ubi
603 1437 780 1498 cumulatum
808 1444 862 1511 est,
886 1455 1055 1513 magnorum
1078 1434 1207 1494 collium

181 1535 283 1614 procul
308 1534 419 1612 species
443 1542 506 1611 ost;
529 1533 682 1611 omnisque
706 1514 824 1610 pristini
849 1532 962 1590 itineris
975 1530 1100 1609 vestigia
1123 1529 1206 1589 into·

182 1638 279 1691 reunt
334 1629 440 1709 Itaque
466 1629 518 1709 qui
545 1634 697 1688 transeunt
724 1646 849 1704 campos,
878 1625 1077 1703 navigantium
1110 1626 1206 1685 modo

183 1732 273 1784 noctu
286 1724 384 1785 sideru
397 1724 561 1799 observent,
576 1721 614 1783 ad
636 1742 758 1802 quorum
780 1742 897 1781 cursum
916 1721 973 1779 iter
994 1720 1147 1800 dirigunt:
1173 1728 1207 1781 et

183 1820 391 1897 propemodum
413 1818 518 1879 clarior
541 1825 588 1877 est
608 1817 702 1877 noctis
724 1816 835 1891 umbra,
850 1836 936 1895 quam
957 1815 1018 1874 lux.
1061 1815 1143 1895 Ergo
1161 1818 1204 1875 in·

182 1915 280 1974 terdiu
301 1915 381 1975 invia
402 1922 448 1975 est
469 1914 568 1993 regio:
589 1913 660 1992 quis
681 1932 733 1971 neo
747 1912 913 1992 vestigium,
926 1911 1004 1990 quod
1029 1919 1204 1991 sequautur,

143 2021 147 2029 '
183 2010 344 2087 inveniunt,
367 2017 398 2069 et
417 2009 496 2069 nitor
519 2008 676 2069 usiclorum
700 2007 823 2086 caligine
851 2006 1047 2067 absconditur.
1105 2006 1205 2069 Oaete·

182 2107 251 2165 rum
274 2102 395 2184 si'squos
418 2104 468 2163 ifle
490 2111 603 2177 vontus,
628 2102 679 2181 qui
703 2123 721 2161 a
742 2102 815 2162 mari
835 2102 975 2176 exoritur,
997 2100 1203 2180 deprehendit,

183 2204 272 2258 arent
299 2199 404 2259 obruit
455 2198 514 2259 Sed
537 2200 597 2277 quel
620 2198 720 2258 mitior
744 2205 822 2257 terra
849 2205 901 2273 est,
922 2198 1023 2276 ingens
1046 2199 1202 2260 homiuum

182 2314 377 2375 equorumque
397 2292 555 2353 multitudo
568 2293 709 2373 gignitur.
751 2293 822 2371 Ipsa
846 2293 961 2368 Bactra,
983 2295 1111 2372 regionis
1132 2298 1203 2373 ejus

182 2397 279 2466 caput,
293 2392 351 2448 sits
364 2398 434 2449 sunt
447 2389 502 2450 auh
515 2398 613 2450 monte
633 2389 830 2467 Parapamiso.
872 2389 999 2449 Bactrus
1018 2391 1112 2450 amnis
1126 2411 1202 2469 prae·

182 2486 254 2545 terit
275 2485 388 2544 moenia
441 2484 474 2546 Is
498 2485 564 2546 urbi
588 2491 619 2544 et
641 2486 754 2564 regioni
779 2484 861 2544 dedit
882 2504 994 2544 nomen.
1038 2486 1099 2546 Htc
1120 2487 1201 2566 Regi

183 2580 291 2639 stativa
313 2579 432 2639 habenti
453 2580 607 2667 nunciatur
627 2599 664 2638 ox
686 2579 801 2640 Grseoit
822 2579 1086 2658 Peloponnensium
1109 2582 1201 2642 Laco·

182 2695 308 2754 numque
331 2674 464 2735 defectio.
515 2675 654 2736 Nondum
676 2676 752 2737 euim
774 2675 846 2736 victi
867 2682 956 2748 erant,
981 2677 1049 2734 calm
1071 2679 1200 2755 proficis·
1274 2679 1275 2752 ζ

183 2777 318 2829 cenentur
332 2770 478 2829 tumultus
491 2773 555 2847 ejus
567 2771 710 2847 principia
722 2769 894 2828 nunciaturi.
924 2769 967 2830 Et
980 2770 1055 2829 elius
1069 2792 1200 2849 praescus

183 2872 277 2925 terror
290 2865 420 2942 affertur,
435 2865 567 2943 Scythas,
581 2865 632 2943 qui
653 2865 731 2924 ultra
754 2865 878 2950 ¹Tona'r'm
900 2885 1012 2925 amnem
1025 2867 1136 2945 colunt,
1151 2869 1199 2929 ad·

182 2968 311 3034 venture,
326 2960 418 3019 Besso
431 2960 557 3020 ferentes
571 2980 661 3038 opem.

247 3058 290 3112 17.
314 3054 426 3113 Eodem
447 3061 585 3132 tempore,
607 3075 673 3133 quae
697 3056 728 3114 in
751 3061 838 3134 gente
858 3055 998 3115 Ariorum
1014 3055 1148 3119 Caranus
1169 3068 1199 3120 et

185 3145 325 3224 Erigyius
346 3157 504 3225 gesserant,
526 3150 719 3226 perferuntur.
763 3149 955 3210 Commissum
977 3158 1040 3209 erat
1060 3154 1197 3229 praelium
1274 3175 1275 3178 ’

183 3241 261 3300 inter
276 3241 448 3301 Macedones
461 3243 617 3322 Ariosque.
659 3243 822 3324 Transfuga
833 3245 1034 3305 Satibarzanes
1056 3247 1198 3309 Barbaria
1274 3285 1275 3292 κ

183 3342 326 3415 praeerat:
356 3336 408 3414 qui
429 3337 497 3394 caim
518 3356 644 3414 pugnam
669 3357 786 3418 segnem
809 3340 944 3417 utrinque
967 3341 1060 3419 aequis
1084 3343 1224 3404 viribus·
1274 3383 1275 3388 κ

183 3439 261 3490 stare
287 3429 419 3505 vidisset,
447 3431 478 3489 iu
504 3432 613 3509 primos
639 3433 755 3493 ordines
782 3434 980 3512 adequitavit,
1018 3435 1197 3519 dempttqne

182 3525 274 3606 galet,
294 3525 426 3586 inhibitis
449 3526 500 3605 qui
526 3527 587 3585 tela
604 3528 759 3603 jaciebant,
784 3530 808 3588 si
833 3530 899 3608 quis
924 3529 1033 3592 viritim
1059 3532 1197 3595 dimicare
1274 3553 1275 3556 ’

182 3620 282 3696 vellet,
296 3621 464 3700 provocavit
485 3622 522 3680 ad
544 3642 679 3701 pugnam,
694 3625 804 3683 nudum
827 3645 858 3684 ss
878 3634 964 3702 caput
986 3626 1016 3684 in
1037 3631 1196 3690 certamina

180 3715 356 3775 habiturum.
408 3717 437 3776 N
440 3737 477 3775 on
490 3717 560 3776 tulit
573 3719 710 3777 ferociam
725 3719 849 3779 Barbari
864 3720 924 3778 dux
945 3721 1024 3780 illius
1042 3727 1196 3784 exercitus

181 3809 330 3890 Erigyius,
344 3813 443 3890 gravis
454 3813 572 3892 quidem
585 3821 681 3889 astate,
696 3815 748 3886 sed
761 3823 791 3874 et
802 3815 890 3874 animi
904 3823 934 3876 st
946 3819 1075 3896 corporis
1090 3821 1195 3882 robore
