2592 4400
404 446 527 487 masa
556 446 610 487 rx.
640 448 726 489 ear.
756 446 780 487 1.
1043 432 1098 491 als

82 585 180 665 primo
194 584 346 643 insolitum
358 604 452 663 genus
464 605 569 662 pugnas
583 584 759 644 Macedonas
779 586 893 661 terruit,
908 588 976 646 cdm
990 588 1102 649 eminus

84 680 318 740 vulnerarentur.
374 678 489 738 Deinde
520 687 619 756 spreto
646 686 707 739 tam
740 680 889 739 incondito
918 682 1037 755 auxilio,
1065 681 1102 743 ab

84 785 211 854 utroque
234 775 325 833 latere
337 774 481 834 vehiculis
495 774 672 848 cireumfusi,
688 783 884 854 repugnantes
898 776 1000 835 fodere
1013 796 1102 855 coepe·

85 880 165 929 runt,
224 870 265 928 Et
287 869 405 930 vincula
427 870 512 949 queis
535 876 668 928 conserta
692 877 785 944 erant,
807 872 898 947 jussit
920 872 1017 946 incidi,
1042 876 1101 950 qub

86 964 206 1026 facilius
244 966 360 1044 singula
392 965 679 1025 circumvenirentur.
735 965 841 1044 Itaque
869 973 934 1027 octo
971 968 1126 1028 millibus·

85 1080 206 1120 suorum
229 1049 354 1134 amissis,
368 1061 399 1118 in
419 1059 557 1137 oppidum
577 1061 755 1137 refugerunt.
797 1060 922 1120 Postero
945 1060 993 1121 die
1015 1061 1102 1121 scalis

85 1156 217 1235 undique
233 1155 368 1230 admotis,
383 1156 459 1213 muri
479 1162 664 1232 occupantur.
708 1153 816 1217 Paucis
836 1156 991 1233 pernicitas
1013 1156 1102 1217 saluti

83 1252 158 1327 fuit,
180 1250 232 1329 qui
256 1250 371 1329 cognito
393 1251 475 1312 urbia
499 1249 622 1324 excidio,
642 1248 777 1327 paludem
801 1256 999 1327 transnavere,
1015 1260 1046 1312 et
1070 1252 1101 1311 iu

83 1345 181 1405 vicina
191 1344 298 1423 oppida
307 1345 455 1422 ingentem
463 1344 590 1403 intulere
601 1351 757 1403 terrorem:
779 1345 920 1405 invictum
931 1346 1101 1420 exercitum,

83 1449 113 1499 et
125 1440 260 1499 Deorum
273 1440 414 1517 profecto,
429 1439 580 1499 advenisse
593 1447 796 1499 memorantes.
823 1450 828 1463 '

147 1540 176 1594 3.
199 1534 376 1609 Alexander,
391 1534 429 1592 ad
441 1534 611 1594 vmtandam
625 1554 689 1594 eam
710 1538 858 1614 regionem
873 1536 1015 1597 Perdicca
1036 1556 1101 1597 cum

81 1631 226 1710 expedita
246 1650 334 1688 manu
352 1630 450 1703 misso,
464 1637 577 1706 partem
590 1630 738 1706 copiarum
766 1630 891 1689 Eumeni
906 1632 1006 1706 tradit,
1021 1639 1055 1691 ut
1074 1632 1101 1693 is

81 1746 199 1807 quoque
212 1726 361 1785 Barbaros
385 1724 423 1783 ad
445 1724 623 1783 deditionem
646 1724 842 1803 compelleret.
886 1726 955 1805 Ipse
978 1735 1100 1787 caeteros

82 1824 121 1881 ad
141 1823 247 1881 urbem
260 1821 396 1894 validam,
411 1822 442 1878 in
465 1841 552 1898 quam
573 1820 697 1879 aliarum
718 1840 832 1899 quoque
850 1823 1038 1899 confugerant
1060 1823 1100 1881 in·

82 1918 166 1991 colae,
180 1910 309 1975 induxit
353 1915 509 1993 Oppidani,
531 1917 629 1975 missis
651 1916 702 1993 qui
726 1917 841 1995 Regem
866 1917 1100 1994 deprecarentur,

82 2012 278 2071 nihilominus
301 2011 411 2071 bellum
424 2012 583 2089 parabant:
604 2012 712 2090 quippe
727 1997 791 2069 orta
814 2012 922 2071 seditio
942 2012 972 2071 in
987 2012 1102 2073 diversa

82 2109 207 2167 consilia
240 2108 397 2167 diduxerat
419 2108 545 2186 vulgum.
599 2108 663 2166 Alii
686 2108 782 2165 omnia
807 2108 953 2167 deditione
977 2109 1100 2185 potiora,

82 2205 204 2283 quidam
217 2203 330 2262 nullam
344 2224 428 2281 opem
448 2205 478 2261 in
493 2203 565 2281 ipsis
579 2223 653 2277 esse,
669 2202 820 2263 ducebant.
864 2203 1007 2262 Sed-dum
1026 2205 1101 2266 nihil

82 2301 115 2359 in
142 2319 294 2358 commune
322 2301 493 2375 consulitur,
523 2300 574 2378 qui
602 2299 744 2358 deditioni
771 2299 969 2374 imminebant,
993 2302 1100 2378 apertis

82 2396 176 2474 portis
191 2395 304 2453 hostem
318 2394 472 2471 recipiunt.
514 2393 692 2467 Alexander,
707 2395 873 2472 quanquam
888 2395 958 2456 belli
979 2396 1101 2456 auctori·

82 2492 139 2552 bus
161 2494 229 2568 jure
242 2497 360 2568 poterat
372 2490 468 2562 irasci,
484 2497 582 2548 tamen
603 2489 735 2550 omnibus
750 2493 834 2549 venia
849 2492 927 2565 data,
943 2499 973 2550 et
994 2491 1091 2552 obsidi

82 2589 140 2649 bus
167 2588 302 2663 acceptis,
331 2586 369 2644 ad
404 2587 566 2663 proximam
603 2585 709 2644 deinde
740 2587 842 2646 urbem
872 2594 968 2646 castra
998 2588 1099 2648 movit.

85 2670 216 2744 Obsides
231 2681 411 2740 ducebantur
425 2687 493 2738 ante
514 2699 631 2757 agmen:
653 2700 726 2759 quos
747 2683 814 2740 crim
830 2702 845 2739 e
859 2682 949 2740 muris
970 2683 1100 2762 agnovis-

82 2786 160 2852 sent,
185 2778 287 2854 utpote
314 2777 410 2853 gentis
438 2774 578 2852 ejusdem,
602 2776 632 2833 in
662 2775 837 2854 colloquium
861 2785 1099 2836 convocaverunt.

83 2875 138 2934 Illi
152 2873 337 2931 clementiam
358 2871 450 2948 Regis·
465 2870 610 2949 simulque
626 2872 684 2930 vim
699 2870 955 2944 commemorando,
970 2871 1007 2929 cd
1021 2870 1100 2930 dedi·

82 2971 195 3030 tionem
210 2987 259 3027 eos
273 2967 455 3044 compulere:
475 2973 652 3044 caeterasque
673 2965 765 3026 urbes
775 2966 865 3025 simili
885 2965 970 3024 modo
985 2966 1101 3026 deditas

81 3067 113 3124 in
126 3065 216 3124 fidem
230 3062 348 3139 accepit
392 3061 471 3119 Hinc
493 3062 524 3118 in
547 3081 668 3139 regnum
691 3060 821 3138 Sopithis
846 3071 1016 3138 perventum
1042 3069 1095 3122 est.

83 3160 174 3233 Gens,
190 3158 242 3216 ‘ut
267 3156 400 3230 Barbari,
416 3156 560 3234 sapientia
585 3155 713 3229 excellit,
729 3156 868 3234 bonisque
883 3157 1012 3216 moribus
1027 3157 1100 3235 regi·

82 3262 142 3314 tur.
186 3251 310 3312 Genitos
323 3251 431 3310 liberos
444 3271 502 3309 non
521 3259 675 3328 parentum
690 3249 811 3309 arbitrio
827 3251 936 3310 tollunt
950 3251 1099 3332 aiuntque,

82 3349 155 3409 ‘sed
178 3366 289 3419 eorum,
303 3347 410 3424 quibus
431 3346 583 3424 spectandi
606 3346 761 3404 infantium
784 3346 917 3406 habitum
931 3367 1001 3406 cura
1021 3369 1099 3406 man·

83 3444 154 3503 data
178 3452 232 3500 est.
276 3441 310 3500 si
334 3461 406 3519 quos
430 3441 575 3519 ‘insignes
600 3449 652 3499 aut
674 3440 772 3518 aliqua
797 3442 991 3502 membrorum
1015 3450 1099 3518 parte

81 3537 207 3598 inutiles
239 3544 422 3614 notaverunt,
451 3537 549 3594 necari
580 3537 694 3612 jubent.
753 3537 874 3613 Nuptiis
901 3543 1013 3610 coeunt,
1041 3556 1099 3596 non

82 3653 189 3714 genere
216 3653 249 3691 ac
270 3633 422 3691 nobilitate
446 3633 617 3709 conjunctis,
632 3633 685 3691 sed
706 3633 799 3692 electa
813 3651 966 3708 corporum
985 3632 1097 3709 specie:

82 3732 153 3810 quia
167 3729 269 3788 eadem
283 3729 445 3786 aestimatur
459 3729 490 3785 in
504 3729 614 3787 liberis.
842 3791 845 3796 ,
1003 3720 1005 3724 ’

144 3827 172 3884 4.
194 3823 295 3900 Hujus
307 3824 401 3902 gentis
415 3823 561 3900 oppidum,
575 3823 622 3881 cui
631 3822 799 3882 Alexander
812 3822 978 3880 admoverat
992 3820 1097 3897 copias,

81 3920 120 3982 ab
140 3921 205 3997 ipso
219 3918 339 3995 Sopithe
353 3919 556 3979 'obtinebatur
600 3917 713 3978 Clausae
737 3925 820 3974 erant
841 3909 1005 3992 portua'sed
1025 3914 1098 3987 nulli

236 4014 270 4071 10
