2592 4400
207 353 246 414 ⁷⁰
554 367 696 417 curren
725 363 866 406 courir

205 507 314 568 fodisse
329 505 532 586 Duriumque
551 505 664 564 hostem
676 503 788 583 equites
807 503 979 562 emissurum
993 519 1056 560 esse
1069 499 1206 560 madebat
1217 519 1225 560 :

206 609 394 681 uentumque
407 607 485 659 certo
505 600 586 680 signo
606 599 712 674 locum,
726 605 761 657 ut
779 598 860 657 fraus
880 617 898 655 a
917 597 979 656 sun
991 595 1099 655 evitari
1120 601 1224 672 posset

119 725 137 764 a
208 696 364 756 Asservari
385 695 536 774 transfugi
558 696 650 772 jusso,
665 692 752 752 duces
772 698 919 766 convocat,
934 690 1125 768 expositoque
1146 688 1226 767 quod

68 790 87 848 l
97 786 151 852 31,
163 786 186 828 Ι)
204 789 371 850 nunciatum
394 794 465 863 eret,
488 795 593 862 monet,
618 793 653 845 ut
680 786 825 865 regionem
845 791 1036 844 monstratam
1063 783 1224 856 declinent,

123 869 141 920 ⁸
205 884 385 964 equitemque
408 883 568 960 perieulum
591 881 738 942 edoceant
777 878 937 939 'Caeterum
957 879 1124 938 hortantem
1145 897 1225 935 exer·

205 982 280 1037 citus
294 977 431 1037 exaudire
444 997 501 1036 non
514 982 637 1055 poterut,
652 995 736 1034 usum
756 973 869 1034 aurium
888 973 1091 1050 intercipiente
1103 972 1227 1030 fremitu

206 1072 328 1133 duorum
352 1073 516 1152 agminum:
539 1071 589 1129 sed
610 1069 641 1128 in
660 1076 815 1146 conspectu
834 1069 960 1128 omnium
981 1067 1070 1127 duces
1082 1067 1226 1145 etproxi·

207 1185 284 1226 mum
296 1185 436 1245 quemque
449 1165 661 1244 interequitans
675 1163 882 1242 alloquebatur.

75 1273 93 1334 l
113 1256 205 1324 ΜΓ
267 1261 355 1322 XIV.
377 1265 424 1320 54.
446 1259 608 1320 “Emensis
630 1266 677 1318 tot
699 1267 794 1320 terras
814 1259 846 1317 in
869 1277 949 1336 spem
962 1257 1093 1317 victorius
1111 1256 1151 1315 de
1164 1262 1227 1336 qut

206 1353 399 1414 dimicandum
418 1355 503 1428 ieret,
517 1355 571 1413 hoo
591 1373 682 1413 unum
703 1371 852 1431 superenne
873 1352 1041 1428 discrimen,
1063 1349 1228 1412 Granicum
1277 1364 1278 1453 p

205 1447 254 1508 hio
287 1467 406 1522 amnem,
435 1447 603 1526 Oilioioeque
636 1455 756 1523 montes,
783 1453 814 1507 et
847 1446 970 1525 Syriam,
999 1445 1227 1525 Aigyptnmque
1277 1474 1278 1531 p

208 1541 419 1619 ¹prsseuntibus
431 1549 539 1620 raptus,
553 1542 680 1622 ingentis
699 1540 761 1619 spei
779 1539 935 1620 gloriaeque
947 1539 1135 1598 incitamenta
1143 1541 1164 1572 ”
1182 1559 1227 1599 re·
1277 1534 1278 1627 l

206 1635 324 1696 ferebst
346 1635 575 1714 “Reprehensos
589 1655 625 1694 ex
638 1637 708 1716 luge
721 1636 828 1695 Perses
841 1641 1027 1714 pugnaturos,
1038 1633 1108 1712 quis
1116 1634 1227 1714 fugere

71 1723 184 1810 [367
206 1749 262 1814 pon
285 1737 420 1810 posunt:
441 1731 559 1790 tertium
583 1731 660 1790 diem
682 1733 743 1808 jam
761 1738 841 1790 metu
860 1748 1028 1809 exsangues,
1050 1731 1139 1788 armis
1160 1732 1227 1790 suis

206 1833 347 1902 oneratos,
375 1826 406 1884 in
433 1825 532 1885 eodem
558 1825 685 1905 vestigio
710 1825 839 1886 haerere:
872 1824 986 1884 nullum
1012 1823 1226 1901 desperationis
1277 1838 1278 1915 p

207 1921 324 1982 illorum
344 1923 437 1998 noejus
459 1919 617 1980 'indicium
637 1939 708 1996 esse,
728 1923 815 1999 quim
836 1919 914 1999 qudd
936 1919 1030 1994 urbes,
1044 1918 1122 1997 qudd
1134 1939 1226 1998 agros
1277 1934 1278 1983 l

206 2035 282 2091 sitos,
296 2024 430 2092 urerent,
452 2015 611 2095 'quidquid
632 2035 689 2089 non
709 2015 912 2092 corrupissent,
924 2013 1052 2073 bostium
1072 2033 1136 2073 esse
1155 2035 1226 2074 con·

206 2111 284 2171 lessi.
327 2109 453 2170 Nomina
473 2111 558 2171 modd
572 2131 645 2170 vana
666 2111 794 2189 gentium
814 2103 978 2189 ignoturum
998 2129 1036 2169 ne
1054 2110 1226 2170 extimesce-
1277 2164 1278 2175 ,

99 2181 288 2281 fussent:
309 2224 402 2285 neque
429 2205 505 2265 enim
531 2206 568 2265 ad
595 2207 665 2268 belli
687 2207 841 2268 discrimen
863 2206 1016 2285 pertinere,
1038 2206 1089 2286 qui
1113 2208 1151 2267 sb
1174 2207 1225 2267 his

209 2300 334 2377 Scythes,
348 2300 433 2378 quive
448 2298 567 2361 Cadusii
590 2302 790 2379 appellentur:
812 2301 849 2361 ob
862 2302 894 2361 id
906 2302 1011 2380 ipsum,
1024 2302 1105 2381 quod
1126 2302 1224 2382 ignoti
1277 2333 1278 2366 ι

207 2401 311 2469 essent,
339 2394 478 2475 ignobiles
505 2416 584 2473 esse;
605 2400 767 2479 ¹nunqudm
788 2399 916 2476 ignorari
942 2397 1020 2457 viros
1046 2399 1154 2458 fortes:
1174 2376 1225 2457 ‘at

207 2489 346 2563 imbelles,
360 2508 396 2548 ex
419 2489 538 2551 latebris
552 2492 612 2551 suis
635 2502 742 2567 erutos,
756 2492 830 2550 nihil
849 2500 956 2570 praeter
975 2492 1091 2550 nomine
1109 2493 1221 2553 efferre
1277 2477 1278 2484 ἵ

209 2584 381 2645 Macedones
404 2585 513 2645 virtute
536 2595 689 2664 essecutus,
712 2606 750 2647 ne
771 2588 837 2666 quis
862 2595 924 2647 toto
945 2588 1013 2648 orbe
1034 2588 1114 2647 locus
1134 2598 1221 2666 esset,

115 2670 257 2758 [stupui
279 2679 352 2737 tales
375 2680 453 2739 viros
480 2680 633 2760 ignoraret
688 2681 877 2742 Intuerentur
903 2682 1098 2742 Barbarorum
1125 2683 1221 2743 inoon·

92 2778 144 2845 ξι.
208 2776 302 2834 ditum
328 2794 446 2854 agmen:
480 2776 568 2835 elium
595 2775 670 2835 nihil
700 2782 806 2854 prester
830 2777 958 2853 jaculum
989 2776 1103 2852 hebere,
1130 2779 1221 2837 ulium

206 2871 297 2929 fundet
317 2890 387 2931 saxu
410 2870 533 2948 librare;
562 2872 661 2949 paucis
682 2890 762 2931 arms
778 2873 858 2947 justa
879 2890 961 2947 esse:
1005 2870 1111 2949 Itaque
1137 2870 1221 2933 illinc

207 2964 306 3042 plures
330 2964 433 3040 ‘sterq
448 2965 514 3023 hine
537 2966 636 3044 plures
660 2965 865 3025 dimicaturos:
886 2985 937 3023 nec
956 2965 1102 3043 postulare
1124 2988 1167 3043 se,
1187 2976 1222 3027 ut

202 3058 324 3136 iortiter
337 3066 516 3135 capesserent
529 3059 670 3136 praelium,
683 3060 715 3117 ni
724 3060 786 3136 ipse
799 3059 911 3119 eaeteris
923 3060 1102 3120 fortitudinis
1115 3063 1221 3122 fuisset

104 3113 392 3229 stlJuemplum:
428 3170 457 3211 se
485 3161 551 3211 ante
584 3153 677 3229 prima
703 3155 785 3232 sigua
817 3154 1043 3215 dimicaturum:
1078 3157 1222 3233 spondere

87 3292 92 3301 .
208 3264 260 3325 pro
283 3266 321 3321 se,
335 3254 406 3324 quot
428 3246 585 3323 cicatrices,
605 3249 727 3307 totidem
748 3250 876 3326 corporis
896 3248 1017 3309 deeora:
1038 3251 1116 3334 scire
1132 3252 1220 3330 ipsos,
1277 3279 1278 3284 ¹

208 3362 296 3401 unum
319 3344 393 3421 pene
415 3360 446 3400 se
467 3342 574 3419 praedae
595 3343 751 3402 communis
771 3351 935 3404 exsortem:
956 3345 986 3401 in
1006 3344 1068 3404 illis
1088 3346 1220 3407 colendis

209 3436 398 3525 ornandisque
426 3436 581 3512 ⁵usurpsre
607 3437 738 3497 victoriae
760 3438 886 3515 premis.
936 3439 1010 3499 Haeo
1036 3459 1066 3498 se
1093 3441 1219 3501 fortibus

208 3531 279 3590 viria
306 3532 407 3589 dicere.
460 3530 515 3591 ‘si
541 3530 591 3609 qui
618 3530 774 3593 dissimiles
801 3551 900 3592 eorum
922 3541 1026 3609 essent,
1050 3535 1102 3593 illu
1128 3538 1219 3596 fuisse

114 3614 369 3701 l571dicturum3
400 3626 562 3701 pervenisse
584 3628 627 3700 ed,
649 3626 724 3684 unde
745 3629 846 3707 lugere
866 3646 924 3686 non
944 3636 1076 3705 possent:
1097 3637 1144 3689 tot
1164 3639 1219 3691 ter·
1277 3633 1278 3672 ἶ

93 3748 95 3753 ·
134 3758 137 3763 -
208 3740 304 3778 rerum
318 3719 411 3797 spat-is
431 3719 561 3794 emensis,
575 3726 619 3778 tot
639 3720 778 3796 amnibus,
798 3722 1001 3800 montibusque
1019 3731 1086 3804 post
1101 3732 1219 3807 tergum
