2592 4400
198 388 239 447 96
544 404 685 455 coruus
716 404 855 445 courir

196 541 358 601 crudelitas
385 543 416 601 in
443 544 529 622 capta
549 544 621 604 urbo
648 551 781 623 grassata
807 551 859 603 est.
912 544 1005 620 Auro,
1034 552 1215 625 argentoque

199 638 307 713 onusti,
340 638 412 697 vilia
438 640 618 716 captivorum
651 658 771 717 corpora
803 639 996 714 trucidabant,
1026 640 1216 720 ‘passimque

198 731 276 819 obvii
289 732 483 809 caedebantur,
496 753 569 811 quos
591 734 679 793 antee
692 735 819 811 pretium
833 732 879 793 sui
899 735 1082 794 miserabiles
1096 737 1213 794 lecerat.

117 826 290 915 furblulti
303 830 373 907 ergb
386 828 512 887 bostium
524 848 625 887 manus
634 829 798 887 voluntaria
807 837 898 888 morte
913 838 1141 907 occupaverunt,
1154 850 1216 908 pre

125 916 354 1011 fflicsissima
368 925 495 983 vestium
508 924 614 998 induti,
629 944 645 982 e
666 924 757 983 muris
771 925 939 1003 semetipsos
960 944 1026 983 cum
1040 926 1215 1003 conjugibus

197 1037 230 1076 ac
253 1017 351 1077 liberis
364 1020 395 1077 in
409 1038 537 1097 preceps
556 1020 710 1095 jactantes.
753 1017 880 1089 Quidam
901 1020 991 1098 ignes,
1005 1019 1106 1098 'qued
1126 1019 1215 1098 paulb

196 1120 263 1193 post
275 1114 406 1173 facturus
420 1114 512 1173 hostis
522 1113 684 1187 videbatur,
695 1115 878 1191 subjecerunt
889 1114 1008 1186 edibus,
1020 1122 1056 1174 ut
1070 1135 1139 1175 cum
1155 1114 1215 1174 suis
1270 1100 1271 1103 ¹

195 1208 256 1295 sivi
278 1216 480 1268 cremarentur.
542 1209 672 1267 Tandem
695 1210 776 1267 'suis
799 1208 866 1267 Rex
881 1210 1060 1287 cerporibus,
1076 1217 1106 1268 et
1131 1209 1216 1269 cultu

114 1304 378 1389 fflfoeminarum
390 1304 534 1363 abstinere
544 1304 642 1381 jussit
700 1303 809 1383 Ingens
823 1305 954 1381 pecuniae
967 1304 1091 1382 captivae
1106 1306 1215 1364 modus

126 1387 332 1471 Wtraditur,
347 1400 437 1475 prope
451 1406 485 1457 nt
498 1398 584 1459 iidem
598 1398 727 1457 excedat.
772 1398 920 1460 (laeterdm
935 1407 986 1457 aut
1006 1399 1041 1457 de
1062 1399 1130 1457 aliis
1144 1418 1215 1479 quo-

196 1513 252 1572 que
266 1492 473 1565 dubitavimus,
488 1502 538 1552 aut
552 1494 702 1553 credemus
717 1494 848 1572 inhujus
868 1494 950 1555 urbis
964 1498 1038 1571 gant
1059 1496 1154 1554 fuisse
1177 1495 1214 1552 ⁸c

196 1597 227 1646 et
256 1608 298 1646 xx
320 1588 412 1647 millia
433 1589 595 1648 talentum:
617 1589 654 1648 ad
676 1610 742 1668 quse
762 1590 896 1650 vehenda
917 1590 1053 1669 (namque
1077 1590 1115 1648 ad
1139 1608 1215 1649 usus

193 1682 267 1768 belli
288 1704 385 1743 secum
404 1692 520 1762 portare
542 1685 720 1762 decreverat)
740 1686 873 1761 jumenta
895 1692 926 1743 et
947 1684 1071 1743 camelos
1092 1684 1214 1744 aSusis

115 1738 227 1857 sliat
255 1780 407 1859 Babylone
433 1780 565 1837 contrabi
590 1780 687 1856 jussit.
740 1781 898 1838 Accessere
923 1779 960 1837 ad
984 1779 1057 1837 bane
1079 1779 1214 1856 pecuniae

118 1866 189 1938 ἔθ’
196 1895 338 1934 summam
351 1874 445 1952 captis
459 1873 633 1952 Parsagadis
654 1893 704 1932 sex
725 1872 816 1932 millia
838 1874 987 1931 talentum.
1032 1873 1126 1951 Cyrus
1139 1874 1212 1934 Per·

197 1971 335 2048 sagadum
348 1970 450 2030 urbem
464 1969 642 2043 condiderat,
659 1986 745 2047 quam
767 1967 937 2027 Alexandro
960 1967 1124 2027 Praefectus
1145 1973 1212 2047 ejus
1270 2008 1271 2043 ,

153 2070 155 2074 ’
198 2066 329 2127 Gobares
344 2064 474 2122 tradidit.

256 2165 302 2219 21.
326 2160 394 2219 Rex
418 2178 512 2218 arcem
534 2158 709 2236 Persepolis,
738 2158 833 2219 tribus
856 2157 985 2220 millibus
1014 2158 1210 2219 Macedonum

123 2253 333 2332 Uitprscsidie
346 2255 465 2328 relictis,
488 2254 681 2314 Nicarthiden
703 2255 779 2314 tueri
799 2254 891 2332 jubet
935 2253 1070 2331 Tyridati
1083 2275 1208 2334 quoque,
1270 2327 1271 2340 χ

113 2335 248 2434 &qui
262 2370 361 2427 gazam
376 2349 546 2423 tradiderat,
561 2357 692 2408 servatus
714 2359 760 2408 est
780 2350 879 2425 hones,
894 2369 979 2428 quem
993 2350 1069 2428 apud
1085 2351 1209 2410 Darium
1270 2391 1271 2398 κ

197 2445 355 2520 babuerat,
391 2463 550 2522 magnaque
574 2443 721 2503 exercitiis
745 2451 834 2521 parte,
863 2452 893 2503 et
921 2445 1136 2521 impedimentis
1165 2444 1208 2506 ibi
1270 2469 1271 2534 p

197 2539 315 2613 relictis,
332 2539 552 2598 Parmenionem
566 2537 776 2619 Craterumque
784 2539 922 2616 praefecit.
965 2539 1033 2616 Ipse
1047 2559 1112 2598 cum
1126 2540 1207 2598 mille

198 2635 354 2715 equitibus,
378 2636 566 2714 peditumque
592 2635 730 2712 expedita
755 2655 850 2708 manu,
879 2635 1046 2693 interiorem
1074 2635 1207 2695 Persidis

108 2702 352 2811 ftsregionem,
376 2731 430 2791 sub
454 2730 548 2808 ipsum
572 2729 792 2809 ’Vergiliarum
816 2728 896 2788 sidus
916 2730 1020 2806 petiit:
1050 2729 1206 2809 multisque

116 2814 197 2880 5¹5⁷
198 2827 340 2910 imbribus
354 2835 385 2885 et
406 2847 496 2905 prope
518 2826 695 2886 intolerabili
717 2831 886 2902 tempestate
906 2831 1036 2900 vexatus,
1051 2825 1206 2901 procedere
1237 2828 1241 2840 '

198 2931 303 2998 tamen,
325 2925 382 3002 qud
404 2923 576 2998 intenderat,
598 2921 803 3001 perseveravit.
855 2905 984 2980 Ventum
1008 2928 1072 2978 erat
1092 2921 1130 2978 ad
1152 2921 1207 2978 iter

198 3019 346 3094 perpetuis
360 3017 485 3076 obsitum
500 3018 623 3099 pinibus,
645 3018 663 3045 ¹⁰
674 3035 746 3096 quas
765 3014 884 3094 frigoris
897 3015 942 3074 vis
957 3014 1024 3092 gelu
1045 3014 1205 3076 adstrinxe-

198 3119 252 3180 rat.
295 3113 437 3169 Locorum
451 3113 567 3187 squalor
581 3120 612 3170 et
633 3111 806 3171 solitudines
829 3113 846 3140 ²¹
859 3110 944 3170 invise
965 3110 1120 3192 sapigatum
1134 3110 1206 3170 mili-

125 3213 158 3286 ζ
188 3214 257 3264 dem
272 3205 429 3281 terrebant,
449 3207 640 3266 humanarum
661 3227 756 3266 rerum
778 3206 915 3266 terminos
937 3225 967 3265 se
980 3205 1079 3264 videre
1093 3207 1205 3266 creden·

214 3321 267 3359 em.
312 3298 418 3360 Omnia
438 3308 528 3376 vasta,
552 3310 638 3380 atque
663 3302 725 3361 sine
746 3302 806 3360 ullo
820 3301 938 3358 humaui
962 3301 1060 3358 cultris
1074 3299 1206 3379 vestigio,

200 3396 317 3457 attoniti
338 3395 541 3454 intuebantur:
574 3404 605 3454 ct
627 3396 809 3475 ”autequam
834 3397 886 3454 lux
910 3415 1024 3474 quoque
1052 3401 1082 3452 ct
1101 3394 1206 3461 eoelum
1270 3407 1271 3448 ;

200 3493 278 3571 ipsos
302 3491 465 3562 delicerent,
489 3491 596 3550 reverti
621 3490 772 3566 jubebant.
828 3491 895 3548 Rex
921 3455 1206 3566 castigffierrims
1243 3560 1246 3568 ,

202 3585 412 3665 ¹⁸,supersedit:
434 3587 572 3643 caeterdm
595 3586 657 3662 ipse
672 3604 745 3662 equo
760 3581 879 3658 desiliit,
890 3585 1034 3662 pedesque
1047 3603 1099 3659 per
1112 3585 1206 3645 ni'vem
1270 3637 1271 3640 ,

113 3669 230 3760 §eset
244 3689 406 3740 concretam
427 3679 550 3758 glaciem
572 3679 686 3757 ingredi
706 3680 800 3756 coepit.
845 3679 1034 3738 Erubuerunt
1047 3697 1103 3736 nou
1119 3678 1205 3758 sequi,

130 3763 328 3852 dffi‘primdm
349 3774 442 3849 amici,
464 3773 569 3832 deinde
592 3773 738 3850 copiarum
761 3773 857 3846 duces,
880 3773 916 3830 ad
936 3773 1070 3830 ultimum
1092 3773 1204 3831 milites.
1229 3794 1240 3812 r

202 3869 374 3949 Primusque
396 3870 463 3929 Rex
486 3869 608 3928 dolabra
627 3867 749 3946 glaciem
771 3869 961 3944 perfringens,
977 3869 1033 3925 iter
1054 3868 1111 3928 sibi
1132 3870 1204 3953 fecit

294 4010 319 4044 s

63 3964 68 3977 l

126 4072 144 4090 d

181 4099 188 4110 ι

62 4115 169 4218 ‘ms

92 4180 105 4204 1¹³-

42 4237 56 4254 Q
