2592 4400
435 408 559 450 aarum
588 408 622 450 x.
653 408 739 450 oar.
770 409 794 452 1.
1059 394 1118 455 247

91 566 158 621 rus,
173 548 312 606 occurrit
355 547 509 628 Equorum
527 548 631 608 domiti
654 568 757 629 greges
782 548 985 629 sequebantur,
1007 570 1118 611 currus-
1175 535 1179 545 ἶ

89 662 154 720 que
178 650 302 720 argento
329 649 360 701 et
387 663 457 702 auro
483 643 624 704 adornati.
680 644 817 704 Pretiosa
841 646 980 724 supellex,
1005 647 1118 707 nobiles

91 757 230 814 gemmae,
245 758 332 796 aurea
353 739 450 816 magni
472 739 609 815 ponderis
628 758 707 814 vasa,
729 748 882 820 vestesque
905 736 1071 820 purpureae,
1088 750 1119 802 ct

92 832 209 910 signati
224 833 339 911 argenti
359 833 502 891 talentum
517 840 643 912 quatuor
662 834 763 893 millia.
807 834 954 895 Gaeteriim
968 844 1052 895 tanta
1071 838 1117 897 be·

92 928 224 1005 nignitas
239 928 370 987 Barbare
384 948 471 988 eausa
483 930 586 987 mortis
599 930 667 988 fain
710 930 739 988 N
742 950 789 989 am
810 934 874 989 cim
898 931 1005 991 amieos
1019 952 1117 991 omnes

92 1022 190 1100 Regis
213 1023 300 1082 donis
322 1043 409 1100 super
432 1024 561 1102 ipsorum
584 1032 655 1085 vota
679 1025 827 1100 coluisset,
855 1025 965 1105 Begoes
986 1026 1116 1104 spadoni,

92 1118 148 1195 qui
161 1118 334 1176 Alexandro
348 1118 487 1197 obsequio
501 1120 630 1197 corporis
644 1120 816 1179 devinxerat
830 1120 894 1195 sibi,
908 1121 1021 1180 nullum
1031 1122 1116 1181 bono-

76 1231 158 1271 ⁴rem
182 1212 303 1271 habuit:
338 1214 560 1293 admonitusque
583 1234 601 1273 a
623 1215 806 1294 quibusdam,
830 1216 918 1294 quim
946 1217 1116 1285 Alexandro

92 1309 180 1367 cordi
194 1317 280 1383 esset,
295 1310 455 1387 respoudit,
470 1311 578 1368 amieos
600 1310 703 1389 Regis,
718 1329 775 1370 non
790 1320 885 1372 scorta
899 1332 931 1371 se
944 1312 1048 1387 colere,
1062 1332 1116 1372 neo
1212 1380 1216 1389 .

93 1404 185 1463 moris
209 1423 273 1463 esse
300 1403 410 1478 Persis,
431 1424 525 1463 mures
540 1404 654 1480 ducere,
668 1406 719 1484 qui
740 1413 841 1483 stupro
862 1408 1114 1469 cffoeminarentur.

95 1499 158 1559 His
183 1499 302 1573 auditis,
317 1491 407 1583 spado
423 1500 592 1577 potentiam,
605 1500 717 1579 flagitio
738 1508 769 1559 et
790 1501 931 1562 dedecore
952 1504 1115 1583 quaesitam,

93 1596 125 1654 in
148 1603 238 1672 caput
259 1595 435 1655 nobilissimi
459 1602 489 1654 et
512 1596 636 1655 insontis
651 1596 819 1655 '’exercuit.
863 1598 996 1678 Namque
1020 1601 1115 1677 gentis

96 1690 232 1769 ejusdem
256 1690 421 1750 levissimos
438 1690 522 1749 falsis
543 1691 714 1750 criminibus
735 1692 892 1768 adstruxit,
907 1694 1032 1753 monitos
1052 1702 1115 1755 tum

94 1788 216 1845 demum
230 1806 266 1844 ea
280 1786 401 1861 deferre,
415 1787 483 1844 erim
504 1787 567 1863 ipse
588 1787 732 1863 jussisset.
776 1788 909 1862 Interim,
924 1789 1039 1866 quoties
1053 1790 1115 1849 sine

95 1882 219 1942 arbitris
243 1888 315 1957 erat,
337 1881 472 1941 credulas
499 1882 592 1959 Regis
615 1902 701 1941 aures
725 1882 872 1961 implebat,
899 1884 918 1913 ¹⁸
928 1882 1114 1944 dissimulans

93 1997 213 2037 oausam
235 1978 294 2053 iroe,
310 1978 368 2056 qud
381 1976 498 2056 gravior
522 1978 703 2037 criminantis
726 1979 885 2037 auctoritas
906 1986 990 2037 esset.
1035 1978 1114 2039 Nou·

94 2073 166 2131 dum
194 2078 348 2151 suspectus
375 2080 439 2131 erat
467 2062 605 2149 Orsines3
639 2073 727 2150 “jam
755 2080 853 2132 tamen
879 2074 975 2135 vilior.
1031 2074 1116 2135 Reus

93 2170 172 2228 euim
196 2170 227 2227 in
252 2173 362 2227 secreto
386 2168 536 2248 agebatur,
559 2168 678 2228 latentis
705 2169 829 2248 periculi
852 2169 990 2248 ignarus:
1012 2178 1043 2230 et
1064 2171 1114 2230 im·

93 2264 336 2343 portunissimum
357 2271 494 2339 scortum,
518 2285 556 2324 ne
578 2264 610 2322 in
637 2273 739 2343 stupro
764 2265 881 2344 quidem
906 2273 939 2326 et
964 2267 1114 2328 dedecoris

94 2360 238 2437 patientiis
252 2359 364 2418 fraudis
378 2358 511 2434 oblitum,
525 2360 640 2438 quoties
662 2379 790 2419 amorem
812 2362 890 2441 regis
914 2361 944 2420 in
965 2381 995 2422 se
1017 2383 1115 2424 accen·

94 2457 188 2530 derat,
215 2454 351 2515 Orsinem
375 2455 462 2514 modd
489 2455 629 2530 avarities,
659 2455 806 2516 interdum
833 2459 923 2518 etiam
943 2459 1114 2520 defectionis

94 2552 243 2630 arguebat.

155 2652 182 2706 4.
206 2647 276 2706 Jam
296 2653 509 2706 maturuerunt
529 2645 560 2705 in
582 2647 739 2725 perniciem
761 2646 923 2710 innocentis
943 2650 1112 2728 mendacia;

95 2744 241 2817 etfatum,
256 2744 339 2818 eujus
361 2741 539 2801 inevitabilis
562 2762 625 2802 sors
647 2750 701 2817 est,
716 2744 890 2821 appetebat„
923 2745 1014 2804 Forte
1037 2745 1114 2802 enim

95 2839 284 2917 sepulchrum
307 2837 377 2915 Gyri
403 2839 573 2897 Alexander
595 2840 687 2916 jussit
711 2839 828 2916 aperiri,
842 2840 873 2899 in
892 2860 950 2918 quo
965 2848 1029 2898 erat
1048 2859 1114 2898 con·

96 2935 193 2995 ditum
218 2938 283 3012 ejus
298 2953 410 3012 corpus,
425 2935 473 2992 eui
494 2935 561 2993 dare
575 2935 693 3014 uolebat
714 2935 840 2994 inferias.
873 2936 967 3016 ¹Aum
982 2945 1114 3017 argento·

94 3049 151 3110 que
164 3030 309 3107 repletum
331 3048 394 3087 esse
417 3029 598 3088 crediderat:
621 3030 728 3108 qnippe
749 3031 794 3088 ita
808 3030 886 3089 fame
901 3029 1002 3092 Persae
1016 3034 1115 3113 vulga-

94 3133 205 3184 verant.
249 3123 309 3185 Sed
322 3133 429 3202 praeter
442 3124 576 3202 clypeum
590 3127 654 3202 ejus
674 3132 800 3202 putrem,
815 3145 899 3186 arcus
914 3125 986 3186 duos
1002 3127 1114 3208 Soythi·

95 3241 154 3295 oos,
168 3227 200 3279 et
224 3220 378 3294 acinacem,
399 3218 473 3278 nihil
496 3220 612 3296 reperit
655 3219 804 3280 Caeterum
824 3225 932 3282 corone
954 3228 1044 3284 aures
1064 3225 1115 3283 im·

94 3317 202 3393 posite,
216 3314 351 3389 amiculo,
373 3315 420 3372 oui
445 3322 613 3374 assueverat
634 3315 705 3393 ipse,
730 3317 748 3344 ¹⁶
758 3316 873 3391 solium,
888 3318 917 3377 in
931 3339 989 3397 quo
1009 3339 1114 3396 eorpus

101 3412 228 3489 jacebat,
243 3409 367 3485 velavit;
389 3411 520 3484 miratus,
535 3411 612 3468 tanti
635 3411 759 3470 nominis
784 3413 904 3490 Regem,
927 3415 1018 3472 tantis
1042 3435 1113 3491 prae·

97 3509 190 3566 ditum
205 3507 317 3584 opibus,
332 3505 411 3564 haud
434 3505 594 3583 pretiosius
609 3507 754 3585 sepultum
770 3527 841 3584 esse,
856 3509 945 3586 quim
962 3508 988 3566 si
1009 3508 1115 3568 fuisset

97 3624 112 3663 e
136 3604 228 3682 plebe.
273 3601 431 3660 Proximus
455 3610 518 3660 erat
541 3602 628 3661 lateri
653 3604 752 3681 spade,
775 3605 825 3682 qui
850 3603 962 3681 Regem
990 3605 1114 3684 intuens,

98 3699 207 3770 “Quid
231 3697 369 3772 mirum,'’
390 3698 495 3777 inquit,
516 3701 533 3731 “
546 3706 599 3775 est,
614 3699 711 3758 inania
734 3699 887 3778 sepulchra
910 3717 973 3758 esse
988 3699 1113 3778 Regum,
1146 3765 1151 3773 ¹

97 3797 164 3853 edm
180 3795 370 3871 satraparum
385 3792 487 3852 domus
501 3813 605 3852 aurum
621 3789 693 3851 'inde
708 3801 838 3870 egestum
853 3812 954 3870 capere
974 3813 1032 3852 nou
1052 3811 1114 3872 pos·

97 3891 180 3951 sint?
221 3889 242 3920 ¹⁶
253 3887 341 3960 Quod
354 3889 393 3947 ad
405 3908 451 3949 mc
464 3888 579 3964 attium,
593 3889 657 3967 ipse
670 3889 724 3947 hoc
738 3889 855 3949 bustum
864 3895 951 3948 antea
964 3908 1022 3948 nou
1034 3887 1113 3950 vids·
