<?xml version="1.0" encoding="UTF-8"?>
<!DOCTYPE html PUBLIC "-//W3C//DTD XHTML 1.0 Transitional//EN"
    "http://www.w3.org/TR/xhtml1/DTD/xhtml1-transitional.dtd">
<html xmlns="http://www.w3.org/1999/xhtml" xml:lang="en" lang="en">
 <head>
  <title>
</title>
<meta http-equiv="Content-Type" content="text/html;charset=utf-8" />
  <meta name='ocr-system' content='tesseract 3.04.00' />
  <meta name='ocr-capabilities' content='ocr_page ocr_carea ocr_par ocr_line ocrx_word'/>
</head>
<body>
  <div class='ocr_page' id='page_1' title='image "./quintuscurtiusr00crosgoog_0273.png"; bbox 0 0 2592 4400; ppageno 0'>
   <div class='ocr_carea' id='block_1_1' title="bbox 171 394 830 471">
    <p class='ocr_par' dir='ltr' id='par_1_1' title="bbox 171 394 830 471">
     <span class='ocr_line' id='line_1_1' title="bbox 171 394 830 471; baseline -0.006 -16"><span class='ocrx_word' id='word_1_1' title='bbox 171 394 232 455; x_wconf 77' lang='lat'><strong>260</strong></span> <span class='ocrx_word' id='word_1_2' title='bbox 520 410 662 463; x_wconf 75' lang='lat' dir='ltr'><strong>curari</strong></span> <span class='ocrx_word' id='word_1_3' title='bbox 690 410 830 471; x_wconf 76' lang='lat' dir='ltr'><strong>onarrr</strong></span> 
     </span>
    </p>
   </div>
   <div class='ocr_carea' id='block_1_2' title="bbox 40 548 1291 3952">
    <p class='ocr_par' dir='ltr' id='par_1_2' title="bbox 40 548 1291 3952">
     <span class='ocr_line' id='line_1_2' title="bbox 171 548 1191 633; baseline 0.001 -21"><span class='ocrx_word' id='word_1_4' title='bbox 171 570 243 630; x_wconf 86' lang='lat' dir='ltr'><strong>opus</strong></span> <span class='ocrx_word' id='word_1_5' title='bbox 265 551 338 625; x_wconf 87' lang='lat' dir='ltr'><strong>eat‚”</strong></span> <span class='ocrx_word' id='word_1_6' title='bbox 358 549 461 629; x_wconf 88' lang='lat' dir='ltr'><strong>inquit,</strong></span> <span class='ocrx_word' id='word_1_7' title='bbox 476 550 593 609; x_wconf 85' lang='lat' dir='ltr'><strong>“armis</strong></span> <span class='ocrx_word' id='word_1_8' title='bbox 616 549 751 629; x_wconf 78' lang='lat' dir='ltr'><strong>civilique</strong></span> <span class='ocrx_word' id='word_1_9' title='bbox 774 549 859 627; x_wconf 92' lang='lat' dir='ltr'><strong>bello,</strong></span> <span class='ocrx_word' id='word_1_10' title='bbox 879 548 1052 612; x_wconf 71' lang='lat' dir='ltr'><strong>habentibus</strong></span> <span class='ocrx_word' id='word_1_11' title='bbox 1073 552 1191 633; x_wconf 79' lang='lat' dir='ltr'><strong>Regem</strong></span> 
     </span>
     <span class='ocr_line' id='line_1_3' title="bbox 169 644 1188 725; baseline 0.003 -21"><span class='ocrx_word' id='word_1_12' title='bbox 169 664 253 725; x_wconf 89' lang='lat' dir='ltr'><strong>quem</strong></span> <span class='ocrx_word' id='word_1_13' title='bbox 264 644 418 724; x_wconf 73' lang='lat' dir='ltr'><strong>quaeritis?</strong></span> <span class='ocrx_word' id='word_1_14' title='bbox 457 644 595 704; x_wconf 79' lang='lat' dir='ltr'><strong>Aridaeus</strong></span> <span class='ocrx_word' id='word_1_15' title='bbox 617 644 755 723; x_wconf 90' lang='lat' dir='ltr'><strong>Philippo</strong></span> <span class='ocrx_word' id='word_1_16' title='bbox 775 645 899 723; x_wconf 79' lang='lat' dir='ltr'><strong>genitus,</strong></span> <span class='ocrx_word' id='word_1_17' title='bbox 914 645 1077 705; x_wconf 78' lang='lat' dir='ltr'><strong>Alexandri</strong></span> <span class='ocrx_word' id='word_1_18' title='bbox 1097 650 1188 725; x_wconf 81' lang='lat' dir='ltr'><strong>panld</strong></span> 
     </span>
     <span class='ocr_line' id='line_1_4' title="bbox 169 739 1186 818; baseline 0.002 -19"><span class='ocrx_word' id='word_1_19' title='bbox 169 742 237 799; x_wconf 78' lang='lat' dir='ltr'><strong>ante</strong></span> <span class='ocrx_word' id='word_1_20' title='bbox 251 740 343 818; x_wconf 74' lang='lat' dir='ltr'><strong>Regis</strong></span> <span class='ocrx_word' id='word_1_21' title='bbox 364 739 466 813; x_wconf 82' lang='lat' dir='ltr'><strong>frater,</strong></span> <span class='ocrx_word' id='word_1_22' title='bbox 480 758 626 799; x_wconf 87' lang='lat' dir='ltr'><strong>sacrorum</strong></span> <span class='ocrx_word' id='word_1_23' title='bbox 647 739 936 818; x_wconf 80' lang='lat' dir='ltr'><strong>caeremoniarumque</strong></span> <span class='ocrx_word' id='word_1_24' title='bbox 956 759 1071 800; x_wconf 88' lang='lat' dir='ltr'><strong>consors</strong></span> <span class='ocrx_word' id='word_1_25' title='bbox 1088 743 1186 816; x_wconf 76' lang='lat' dir='ltr'><strong>modo,</strong></span> 
     </span>
     <span class='ocr_line' id='line_1_5' title="bbox 168 832 1188 911; baseline 0.003 -18"><span class='ocrx_word' id='word_1_26' title='bbox 168 854 243 893; x_wconf 89' lang='lat' dir='ltr'><strong>nuno</strong></span> <span class='ocrx_word' id='word_1_27' title='bbox 266 835 345 893; x_wconf 90' lang='lat' dir='ltr'><strong>solua</strong></span> <span class='ocrx_word' id='word_1_28' title='bbox 372 834 475 908; x_wconf 82' lang='lat' dir='ltr'><strong>hsercs,</strong></span> <span class='ocrx_word' id='word_1_29' title='bbox 500 832 669 911; x_wconf 74' lang='lat' dir='ltr'><strong>praeteritur</strong></span> <span class='ocrx_word' id='word_1_30' title='bbox 695 854 713 893; x_wconf 90' lang='lat' dir='ltr'><strong>a</strong></span> <span class='ocrx_word' id='word_1_31' title='bbox 739 834 830 894; x_wconf 90' lang='lat' dir='ltr'><strong>vobis.</strong></span> <span class='ocrx_word' id='word_1_32' title='bbox 887 833 952 904; x_wconf 86' lang='lat' dir='ltr'><strong>Quo</strong></span> <span class='ocrx_word' id='word_1_33' title='bbox 979 835 1082 895; x_wconf 91' lang='lat' dir='ltr'><strong>merito</strong></span> <span class='ocrx_word' id='word_1_34' title='bbox 1106 838 1188 896; x_wconf 86' lang='lat' dir='ltr'><strong>suo?</strong></span> 
     </span>
     <span class='ocr_line' id='line_1_6' title="bbox 166 928 1185 1009; baseline 0.003 -20"><span class='ocrx_word' id='word_1_35' title='bbox 166 929 272 1009; x_wconf 85' lang='lat' dir='ltr'><strong>quidve</strong></span> <span class='ocrx_word' id='word_1_36' title='bbox 283 929 361 1005; x_wconf 81' lang='lat' dir='ltr'><strong>iecit,</strong></span> <span class='ocrx_word' id='word_1_37' title='bbox 374 950 425 988; x_wconf 91' lang='lat' dir='ltr'><strong>eur</strong></span> <span class='ocrx_word' id='word_1_38' title='bbox 446 928 535 989; x_wconf 90' lang='lat' dir='ltr'><strong>etiam</strong></span> <span class='ocrx_word' id='word_1_39' title='bbox 547 928 678 1008; x_wconf 82' lang='lat' dir='ltr'><strong>gentium</strong></span> <span class='ocrx_word' id='word_1_40' title='bbox 691 928 835 987; x_wconf 88' lang='lat' dir='ltr'><strong>communi</strong></span> <span class='ocrx_word' id='word_1_41' title='bbox 853 930 919 1005; x_wconf 89' lang='lat' dir='ltr'><strong>jure</strong></span> <span class='ocrx_word' id='word_1_42' title='bbox 932 929 1108 989; x_wconf 76' lang='lat' dir='ltr'><strong>fraudetur?</strong></span> <span class='ocrx_word' id='word_1_43' title='bbox 1150 932 1185 992; x_wconf 85' lang='lat' dir='ltr'><strong>Si</strong></span> 
     </span>
     <span class='ocr_line' id='line_1_7' title="bbox 168 1022 1184 1103; baseline 0.002 -20"><span class='ocrx_word' id='word_1_44' title='bbox 168 1025 336 1084; x_wconf 79' lang='lat' dir='ltr'><strong>Alexandro</strong></span> <span class='ocrx_word' id='word_1_45' title='bbox 356 1024 480 1083; x_wconf 88' lang='lat' dir='ltr'><strong>similem</strong></span> <span class='ocrx_word' id='word_1_46' title='bbox 501 1022 641 1102; x_wconf 86' lang='lat' dir='ltr'><strong>quaeritis,</strong></span> <span class='ocrx_word' id='word_1_47' title='bbox 667 1042 812 1101; x_wconf 88' lang='lat' dir='ltr'><strong>nunquam</strong></span> <span class='ocrx_word' id='word_1_48' title='bbox 839 1024 1004 1101; x_wconf 87' lang='lat' dir='ltr'><strong>reperietis:</strong></span> <span class='ocrx_word' id='word_1_49' title='bbox 1034 1025 1059 1083; x_wconf 91' lang='lat' dir='ltr'><strong>si</strong></span> <span class='ocrx_word' id='word_1_50' title='bbox 1086 1026 1184 1103; x_wconf 86' lang='lat' dir='ltr'><strong>proxi·</strong></span> 
     </span>
     <span class='ocr_line' id='line_1_8' title="bbox 166 1114 1291 1198; baseline 0.002 -19"><span class='ocrx_word' id='word_1_51' title='bbox 166 1140 255 1195; x_wconf 88' lang='lat' dir='ltr'><strong>mum,</strong></span> <span class='ocrx_word' id='word_1_52' title='bbox 279 1119 327 1179; x_wconf 92' lang='lat' dir='ltr'><strong>hic</strong></span> <span class='ocrx_word' id='word_1_53' title='bbox 349 1120 429 1179; x_wconf 87' lang='lat' dir='ltr'><strong>solua</strong></span> <span class='ocrx_word' id='word_1_54' title='bbox 451 1120 524 1180; x_wconf 87' lang='lat' dir='ltr'><strong>est”</strong></span> <span class='ocrx_word' id='word_1_55' title='bbox 573 1119 633 1178; x_wconf 89' lang='lat' dir='ltr'><strong>His</strong></span> <span class='ocrx_word' id='word_1_56' title='bbox 654 1116 772 1194; x_wconf 87' lang='lat' dir='ltr'><strong>auditis,</strong></span> <span class='ocrx_word' id='word_1_57' title='bbox 796 1121 892 1179; x_wconf 91' lang='lat' dir='ltr'><strong>concio</strong></span> <span class='ocrx_word' id='word_1_58' title='bbox 915 1120 1007 1198; x_wconf 85' lang='lat' dir='ltr'><strong>primd</strong></span> <span class='ocrx_word' id='word_1_59' title='bbox 1030 1121 1184 1181; x_wconf 89' lang='lat' dir='ltr'><strong>silentium</strong></span> <span class='ocrx_word' id='word_1_60' title='bbox 1290 1114 1291 1153; x_wconf 66' lang='lat'>3</span> 
     </span>
     <span class='ocr_line' id='line_1_9' title="bbox 165 1211 1184 1292; baseline 0.001 -18"><span class='ocrx_word' id='word_1_61' title='bbox 165 1215 248 1275; x_wconf 78' lang='lat' dir='ltr'><strong>velut</strong></span> <span class='ocrx_word' id='word_1_62' title='bbox 271 1217 355 1291; x_wconf 83' lang='lat' dir='ltr'><strong>jussa</strong></span> <span class='ocrx_word' id='word_1_63' title='bbox 378 1214 489 1274; x_wconf 87' lang='lat' dir='ltr'><strong>habuit.</strong></span> <span class='ocrx_word' id='word_1_64' title='bbox 541 1211 730 1273; x_wconf 75' lang='lat' dir='ltr'><strong>Conclamant</strong></span> <span class='ocrx_word' id='word_1_65' title='bbox 752 1213 855 1273; x_wconf 76' lang='lat' dir='ltr'><strong>deinde</strong></span> <span class='ocrx_word' id='word_1_66' title='bbox 882 1215 1000 1292; x_wconf 88' lang='lat' dir='ltr'><strong>pariter,</strong></span> <span class='ocrx_word' id='word_1_67' title='bbox 1027 1214 1184 1275; x_wconf 80' lang='lat' dir='ltr'><strong>Aridoeum</strong></span> 
     </span>
     <span class='ocr_line' id='line_1_10' title="bbox 166 1308 1184 1387; baseline 0.001 -17"><span class='ocrx_word' id='word_1_68' title='bbox 166 1311 324 1371; x_wconf 83' lang='lat' dir='ltr'><strong>vocandum</strong></span> <span class='ocrx_word' id='word_1_69' title='bbox 344 1328 415 1384; x_wconf 86' lang='lat' dir='ltr'><strong>ease,</strong></span> <span class='ocrx_word' id='word_1_70' title='bbox 443 1316 622 1387; x_wconf 87' lang='lat' dir='ltr'><strong>mortemque</strong></span> <span class='ocrx_word' id='word_1_71' title='bbox 646 1308 766 1367; x_wconf 89' lang='lat' dir='ltr'><strong>meritos</strong></span> <span class='ocrx_word' id='word_1_72' title='bbox 792 1310 843 1387; x_wconf 92' lang='lat' dir='ltr'><strong>qui</strong></span> <span class='ocrx_word' id='word_1_73' title='bbox 869 1310 1029 1369; x_wconf 77' lang='lat' dir='ltr'><strong>concionem</strong></span> <span class='ocrx_word' id='word_1_74' title='bbox 1056 1311 1119 1369; x_wconf 88' lang='lat' dir='ltr'><strong>sine</strong></span> <span class='ocrx_word' id='word_1_75' title='bbox 1146 1331 1184 1371; x_wconf 88' lang='lat' dir='ltr'><strong>eo</strong></span> 
     </span>
     <span class='ocr_line' id='line_1_11' title="bbox 165 1403 1182 1481; baseline 0 -17"><span class='ocrx_word' id='word_1_76' title='bbox 165 1405 342 1465; x_wconf 83' lang='lat' dir='ltr'><strong>habuissent</strong></span> <span class='ocrx_word' id='word_1_77' title='bbox 384 1404 460 1463; x_wconf 73' lang='lat' dir='ltr'><strong>Tum</strong></span> <span class='ocrx_word' id='word_1_78' title='bbox 473 1403 592 1478; x_wconf 89' lang='lat' dir='ltr'><strong>Pithon,</strong></span> <span class='ocrx_word' id='word_1_79' title='bbox 605 1403 707 1479; x_wconf 89' lang='lat' dir='ltr'><strong>plenus</strong></span> <span class='ocrx_word' id='word_1_80' title='bbox 727 1403 926 1481; x_wconf 83' lang='lat' dir='ltr'><strong>lcorymarnm,</strong></span> <span class='ocrx_word' id='word_1_81' title='bbox 941 1405 1052 1463; x_wconf 88' lang='lat' dir='ltr'><strong>orditur</strong></span> <span class='ocrx_word' id='word_1_82' title='bbox 1066 1405 1182 1465; x_wconf 84' lang='lat' dir='ltr'><strong>dicere:</strong></span> 
     </span>
     <span class='ocr_line' id='line_1_12' title="bbox 165 1498 1183 1579; baseline 0.003 -21"><span class='ocrx_word' id='word_1_83' title='bbox 165 1518 241 1558; x_wconf 88' lang='lat' dir='ltr'><strong>nunc</strong></span> <span class='ocrx_word' id='word_1_84' title='bbox 263 1499 312 1558; x_wconf 85' lang='lat' dir='ltr'><strong>vel</strong></span> <span class='ocrx_word' id='word_1_85' title='bbox 336 1498 479 1558; x_wconf 78' lang='lat' dir='ltr'><strong>¹maxime</strong></span> <span class='ocrx_word' id='word_1_86' title='bbox 505 1499 697 1558; x_wconf 77' lang='lat' dir='ltr'><strong>miserabilem</strong></span> <span class='ocrx_word' id='word_1_87' title='bbox 720 1517 781 1559; x_wconf 82' lang='lat' dir='ltr'><strong>esse</strong></span> <span class='ocrx_word' id='word_1_88' title='bbox 808 1499 1015 1575; x_wconf 85' lang='lat' dir='ltr'><strong>Alexandrum,</strong></span> <span class='ocrx_word' id='word_1_89' title='bbox 1041 1501 1092 1579; x_wconf 92' lang='lat' dir='ltr'><strong>qui</strong></span> <span class='ocrx_word' id='word_1_90' title='bbox 1117 1508 1183 1561; x_wconf 85' lang='lat' dir='ltr'><strong>tam</strong></span> 
     </span>
     <span class='ocr_line' id='line_1_13' title="bbox 166 1576 1183 1672; baseline -0.001 -18"><span class='ocrx_word' id='word_1_91' title='bbox 166 1593 305 1654; x_wconf 89' lang='lat' dir='ltr'><strong>bonorum</strong></span> <span class='ocrx_word' id='word_1_92' title='bbox 331 1592 438 1653; x_wconf 84' lang='lat' dir='ltr'><strong>civium</strong></span> <span class='ocrx_word' id='word_1_93' title='bbox 464 1593 645 1672; x_wconf 77' lang='lat' dir='ltr'><strong>militumque</strong></span> <span class='ocrx_word' id='word_1_94' title='bbox 671 1594 770 1651; x_wconf 88' lang='lat' dir='ltr'><strong>fructu</strong></span> <span class='ocrx_word' id='word_1_95' title='bbox 794 1576 823 1651; x_wconf 79' lang='lat' dir='ltr'><strong>et</strong></span> <span class='ocrx_word' id='word_1_96' title='bbox 846 1595 1001 1671; x_wconf 75' lang='lat' dir='ltr'><strong>praesentit</strong></span> <span class='ocrx_word' id='word_1_97' title='bbox 1026 1594 1183 1653; x_wconf 85' lang='lat' dir='ltr'><strong>fraudatus</strong></span> 
     </span>
     <span class='ocr_line' id='line_1_14' title="bbox 166 1687 1181 1767; baseline 0.004 -20"><span class='ocrx_word' id='word_1_98' title='bbox 166 1696 259 1749; x_wconf 87' lang='lat' dir='ltr'><strong>esset:</strong></span> <span class='ocrx_word' id='word_1_99' title='bbox 278 1707 382 1748; x_wconf 90' lang='lat' dir='ltr'><strong>nomen</strong></span> <span class='ocrx_word' id='word_1_100' title='bbox 395 1687 472 1747; x_wconf 93' lang='lat' dir='ltr'><strong>enim</strong></span> <span class='ocrx_word' id='word_1_101' title='bbox 485 1688 705 1766; x_wconf 81' lang='lat' dir='ltr'><strong>memoriamque</strong></span> <span class='ocrx_word' id='word_1_102' title='bbox 728 1688 819 1767; x_wconf 81' lang='lat' dir='ltr'><strong>Regis</strong></span> <span class='ocrx_word' id='word_1_103' title='bbox 833 1689 877 1747; x_wconf 90' lang='lat' dir='ltr'><strong>sui</strong></span> <span class='ocrx_word' id='word_1_104' title='bbox 900 1694 1012 1747; x_wconf 77' lang='lat' dir='ltr'><strong>tantum</strong></span> <span class='ocrx_word' id='word_1_105' title='bbox 1025 1690 1181 1766; x_wconf 84' lang='lat' dir='ltr'><strong>intuentes,</strong></span> 
     </span>
     <span class='ocr_line' id='line_1_15' title="bbox 166 1782 1183 1864; baseline 0.002 -23"><span class='ocrx_word' id='word_1_106' title='bbox 166 1782 224 1841; x_wconf 87' lang='lat' dir='ltr'><strong>’ad</strong></span> <span class='ocrx_word' id='word_1_107' title='bbox 234 1790 339 1843; x_wconf 83' lang='lat' dir='ltr'><strong>coetcra</strong></span> <span class='ocrx_word' id='word_1_108' title='bbox 351 1783 477 1861; x_wconf 75' lang='lat' dir='ltr'><strong>caligare</strong></span> <span class='ocrx_word' id='word_1_109' title='bbox 489 1802 545 1843; x_wconf 88' lang='lat' dir='ltr'><strong>eos.</strong></span> <span class='ocrx_word' id='word_1_110' title='bbox 586 1783 677 1841; x_wconf 84' lang='lat' dir='ltr'><strong>Haud</strong></span> <span class='ocrx_word' id='word_1_111' title='bbox 698 1784 830 1861; x_wconf 78' lang='lat' dir='ltr'><strong>ambigue</strong></span> <span class='ocrx_word' id='word_1_112' title='bbox 851 1784 883 1841; x_wconf 91' lang='lat' dir='ltr'><strong>in</strong></span> <span class='ocrx_word' id='word_1_113' title='bbox 900 1786 1044 1860; x_wconf 86' lang='lat' dir='ltr'><strong>juvenem,</strong></span> <span class='ocrx_word' id='word_1_114' title='bbox 1057 1783 1104 1843; x_wconf 91' lang='lat' dir='ltr'><strong>cui</strong></span> <span class='ocrx_word' id='word_1_115' title='bbox 1117 1805 1183 1864; x_wconf 83' lang='lat' dir='ltr'><strong>reg·</strong></span> 
     </span>
     <span class='ocr_line' id='line_1_16' title="bbox 167 1878 1182 1957; baseline 0.002 -20"><span class='ocrx_word' id='word_1_116' title='bbox 167 1898 237 1937; x_wconf 87' lang='lat' dir='ltr'><strong>uum</strong></span> <span class='ocrx_word' id='word_1_117' title='bbox 258 1878 467 1954; x_wconf 78' lang='lat' dir='ltr'><strong>destinabatur,</strong></span> <span class='ocrx_word' id='word_1_118' title='bbox 489 1878 615 1955; x_wconf 88' lang='lat' dir='ltr'><strong>impensu</strong></span> <span class='ocrx_word' id='word_1_119' title='bbox 635 1878 741 1955; x_wconf 91' lang='lat' dir='ltr'><strong>probra</strong></span> <span class='ocrx_word' id='word_1_120' title='bbox 762 1878 854 1957; x_wconf 83' lang='lat' dir='ltr'><strong>magis</strong></span> <span class='ocrx_word' id='word_1_121' title='bbox 878 1879 935 1957; x_wconf 90' lang='lat' dir='ltr'><strong>ipsi</strong></span> <span class='ocrx_word' id='word_1_122' title='bbox 956 1880 1063 1953; x_wconf 86' lang='lat' dir='ltr'><strong>odium,</strong></span> <span class='ocrx_word' id='word_1_123' title='bbox 1091 1882 1182 1957; x_wconf 75' lang='lat' dir='ltr'><strong>quim</strong></span> 
     </span>
     <span class='ocr_line' id='line_1_17' title="bbox 168 1973 1183 2051; baseline 0.002 -18"><span class='ocrx_word' id='word_1_124' title='bbox 168 1973 288 2033; x_wconf 83' lang='lat' dir='ltr'><strong>Aridoao</strong></span> <span class='ocrx_word' id='word_1_125' title='bbox 313 1980 507 2051; x_wconf 89' lang='lat' dir='ltr'><strong>contemptum</strong></span> <span class='ocrx_word' id='word_1_126' title='bbox 535 1973 704 2033; x_wconf 80' lang='lat' dir='ltr'><strong>attulerunt.</strong></span> <span class='ocrx_word' id='word_1_127' title='bbox 760 1973 874 2051; x_wconf 76' lang='lat' dir='ltr'><strong>Quippe</strong></span> <span class='ocrx_word' id='word_1_128' title='bbox 901 1975 971 2033; x_wconf 87' lang='lat' dir='ltr'><strong>dum</strong></span> <span class='ocrx_word' id='word_1_129' title='bbox 996 1976 1183 2051; x_wconf 79' lang='lat' dir='ltr'><strong>miserentur,</strong></span> 
     </span>
     <span class='ocr_line' id='line_1_18' title="bbox 166 2068 1185 2149; baseline 0.002 -20"><span class='ocrx_word' id='word_1_130' title='bbox 166 2070 253 2129; x_wconf 81' lang='lat' dir='ltr'><strong>etiam</strong></span> <span class='ocrx_word' id='word_1_131' title='bbox 265 2070 363 2130; x_wconf 82' lang='lat' dir='ltr'><strong>favere</strong></span> <span class='ocrx_word' id='word_1_132' title='bbox 376 2076 529 2146; x_wconf 89' lang='lat' dir='ltr'><strong>coeperunt.</strong></span> <span class='ocrx_word' id='word_1_133' title='bbox 571 2068 669 2146; x_wconf 81' lang='lat' dir='ltr'><strong>Igitur</strong></span> <span class='ocrx_word' id='word_1_134' title='bbox 693 2088 750 2126; x_wconf 91' lang='lat' dir='ltr'><strong>non</strong></span> <span class='ocrx_word' id='word_1_135' title='bbox 764 2068 852 2127; x_wconf 85' lang='lat' dir='ltr'><strong>alium</strong></span> <span class='ocrx_word' id='word_1_136' title='bbox 875 2088 914 2145; x_wconf 89' lang='lat' dir='ltr'><strong>se,</strong></span> <span class='ocrx_word' id='word_1_137' title='bbox 928 2072 1015 2148; x_wconf 77' lang='lat' dir='ltr'><strong>quim</strong></span> <span class='ocrx_word' id='word_1_138' title='bbox 1035 2091 1108 2145; x_wconf 90' lang='lat' dir='ltr'><strong>cum,</strong></span> <span class='ocrx_word' id='word_1_139' title='bbox 1128 2075 1185 2149; x_wconf 85' lang='lat' dir='ltr'><strong>qui</strong></span> 
     </span>
     <span class='ocr_line' id='line_1_19' title="bbox 167 2163 1184 2243; baseline 0.002 -19"><span class='ocrx_word' id='word_1_140' title='bbox 167 2164 205 2224; x_wconf 87' lang='lat' dir='ltr'><strong>ad</strong></span> <span class='ocrx_word' id='word_1_141' title='bbox 217 2164 292 2224; x_wconf 89' lang='lat' dir='ltr'><strong>hauc</strong></span> <span class='ocrx_word' id='word_1_142' title='bbox 313 2183 393 2242; x_wconf 87' lang='lat' dir='ltr'><strong>spem</strong></span> <span class='ocrx_word' id='word_1_143' title='bbox 410 2163 525 2243; x_wconf 82' lang='lat' dir='ltr'><strong>genitus</strong></span> <span class='ocrx_word' id='word_1_144' title='bbox 538 2171 623 2238; x_wconf 87' lang='lat' dir='ltr'><strong>esset,</strong></span> <span class='ocrx_word' id='word_1_145' title='bbox 637 2181 756 2242; x_wconf 86' lang='lat' dir='ltr'><strong>regnare</strong></span> <span class='ocrx_word' id='word_1_146' title='bbox 775 2182 917 2242; x_wconf 87' lang='lat' dir='ltr'><strong>passuros,</strong></span> <span class='ocrx_word' id='word_1_147' title='bbox 931 2164 1071 2243; x_wconf 87' lang='lat' dir='ltr'><strong>pertinaci</strong></span> <span class='ocrx_word' id='word_1_148' title='bbox 1091 2165 1184 2226; x_wconf 82' lang='lat' dir='ltr'><strong>accla-</strong></span> 
     </span>
     <span class='ocr_line' id='line_1_20' title="bbox 166 2259 1184 2338; baseline -0.002 -16"><span class='ocrx_word' id='word_1_149' title='bbox 166 2264 290 2322; x_wconf 86' lang='lat' dir='ltr'><strong>matione</strong></span> <span class='ocrx_word' id='word_1_150' title='bbox 303 2262 459 2336; x_wconf 79' lang='lat' dir='ltr'><strong>declarant,</strong></span> <span class='ocrx_word' id='word_1_151' title='bbox 472 2261 624 2338; x_wconf 87' lang='lat' dir='ltr'><strong>vocarique</strong></span> <span class='ocrx_word' id='word_1_152' title='bbox 637 2259 788 2337; x_wconf 77' lang='lat' dir='ltr'><strong>Aridoeum</strong></span> <span class='ocrx_word' id='word_1_153' title='bbox 807 2261 917 2338; x_wconf 89' lang='lat' dir='ltr'><strong>jubent.</strong></span> <span class='ocrx_word' id='word_1_154' title='bbox 960 2260 1053 2332; x_wconf 82' lang='lat' dir='ltr'><strong>Quem</strong></span> <span class='ocrx_word' id='word_1_155' title='bbox 1073 2263 1184 2320; x_wconf 87' lang='lat' dir='ltr'><strong>Melea-</strong></span> 
     </span>
     <span class='ocr_line' id='line_1_21' title="bbox 166 2356 1184 2437; baseline 0 -21"><span class='ocrx_word' id='word_1_156' title='bbox 166 2377 218 2437; x_wconf 81' lang='lat' dir='ltr'><strong>ger</strong></span> <span class='ocrx_word' id='word_1_157' title='bbox 230 2358 361 2431; x_wconf 79' lang='lat' dir='ltr'><strong>infestus,</strong></span> <span class='ocrx_word' id='word_1_158' title='bbox 375 2356 542 2433; x_wconf 88' lang='lat' dir='ltr'><strong>invisusque</strong></span> <span class='ocrx_word' id='word_1_159' title='bbox 556 2356 709 2430; x_wconf 82' lang='lat' dir='ltr'><strong>Perdiccae,</strong></span> <span class='ocrx_word' id='word_1_160' title='bbox 723 2357 837 2415; x_wconf 74' lang='lat' dir='ltr'><strong>strenue</strong></span> <span class='ocrx_word' id='word_1_161' title='bbox 858 2356 991 2434; x_wconf 87' lang='lat' dir='ltr'><strong>perducit</strong></span> <span class='ocrx_word' id='word_1_162' title='bbox 1004 2357 1035 2414; x_wconf 90' lang='lat' dir='ltr'><strong>in</strong></span> <span class='ocrx_word' id='word_1_163' title='bbox 1049 2357 1184 2436; x_wconf 79' lang='lat' dir='ltr'><strong>Regium,</strong></span> 
     </span>
     <span class='ocr_line' id='line_1_22' title="bbox 167 2450 1034 2530; baseline 0 -19"><span class='ocrx_word' id='word_1_164' title='bbox 167 2454 217 2511; x_wconf 88' lang='lat' dir='ltr'><strong>&#39;et</strong></span> <span class='ocrx_word' id='word_1_165' title='bbox 229 2453 336 2512; x_wconf 89' lang='lat' dir='ltr'><strong>milites</strong></span> <span class='ocrx_word' id='word_1_166' title='bbox 350 2450 519 2528; x_wconf 87' lang='lat' dir='ltr'><strong>Philippum</strong></span> <span class='ocrx_word' id='word_1_167' title='bbox 532 2450 867 2530; x_wconf 74' lang='lat' dir='ltr'><strong>consalutatumltegem</strong></span> <span class='ocrx_word' id='word_1_168' title='bbox 880 2452 1034 2528; x_wconf 80' lang='lat' dir='ltr'><strong>appellant.</strong></span> 
     </span>
     <span class='ocr_line' id='line_1_23' title="bbox 231 2527 1291 2624; baseline 0 -18"><span class='ocrx_word' id='word_1_169' title='bbox 231 2550 274 2606; x_wconf 84' lang='lat'><strong>19.</strong></span> <span class='ocrx_word' id='word_1_170' title='bbox 296 2545 444 2606; x_wconf 79' lang='lat' dir='ltr'><strong>Oaeterirm</strong></span> <span class='ocrx_word' id='word_1_171' title='bbox 465 2545 528 2604; x_wconf 82' lang='lat' dir='ltr'><strong>haeo</strong></span> <span class='ocrx_word' id='word_1_172' title='bbox 540 2545 621 2623; x_wconf 79' lang='lat' dir='ltr'><strong>vulgi</strong></span> <span class='ocrx_word' id='word_1_173' title='bbox 643 2553 706 2604; x_wconf 86' lang='lat' dir='ltr'><strong>erat</strong></span> <span class='ocrx_word' id='word_1_174' title='bbox 720 2565 792 2622; x_wconf 64' lang='grc' dir='ltr'><strong>νοις</strong></span> <span class='ocrx_word' id='word_1_175' title='bbox 814 2547 976 2624; x_wconf 86' lang='lat' dir='ltr'><strong>principum</strong></span> <span class='ocrx_word' id='word_1_176' title='bbox 997 2547 1055 2604; x_wconf 91' lang='lat' dir='ltr'><strong>alia</strong></span> <span class='ocrx_word' id='word_1_177' title='bbox 1069 2554 1184 2606; x_wconf 87' lang='lat' dir='ltr'><strong>senten·</strong></span> <span class='ocrx_word' id='word_1_178' title='bbox 1290 2527 1291 2550; x_wconf 44' lang='lat'>¹</span> 
     </span>
     <span class='ocr_line' id='line_1_24' title="bbox 40 2639 1184 2720; baseline 0.003 -20"><span class='ocrx_word' id='word_1_179' title='bbox 40 2666 46 2676; x_wconf 91' lang='lat'><strong>·</strong></span> <span class='ocrx_word' id='word_1_180' title='bbox 166 2641 217 2703; x_wconf 78' lang='lat' dir='ltr'><strong>tia</strong></span> <span class='ocrx_word' id='word_1_181' title='bbox 258 2641 286 2700; x_wconf 78' lang='lat' dir='ltr'><strong>u</strong></span> <span class='ocrx_word' id='word_1_182' title='bbox 299 2640 402 2719; x_wconf 89' lang='lat' dir='ltr'><strong>quibus</strong></span> <span class='ocrx_word' id='word_1_183' title='bbox 415 2639 524 2699; x_wconf 88' lang='lat' dir='ltr'><strong>Pithon</strong></span> <span class='ocrx_word' id='word_1_184' title='bbox 537 2640 690 2698; x_wconf 87' lang='lat' dir='ltr'><strong>consilium</strong></span> <span class='ocrx_word' id='word_1_185' title='bbox 704 2641 852 2700; x_wconf 81' lang='lat' dir='ltr'><strong>Perdiccae</strong></span> <span class='ocrx_word' id='word_1_186' title='bbox 865 2641 983 2720; x_wconf 87' lang='lat' dir='ltr'><strong>exsequi</strong></span> <span class='ocrx_word' id='word_1_187' title='bbox 997 2640 1094 2719; x_wconf 89' lang='lat' dir='ltr'><strong>coepit,</strong></span> <span class='ocrx_word' id='word_1_188' title='bbox 1104 2649 1184 2703; x_wconf 87' lang='lat' dir='ltr'><strong>tuto-</strong></span> 
     </span>
     <span class='ocr_line' id='line_1_25' title="bbox 88 2735 1182 2816; baseline -0.002 -18"><span class='ocrx_word' id='word_1_189' title='bbox 88 2795 96 2810; x_wconf 71' lang='lat'><strong>,</strong></span> <span class='ocrx_word' id='word_1_190' title='bbox 167 2756 269 2816; x_wconf 88' lang='lat' dir='ltr'><strong>resque</strong></span> <span class='ocrx_word' id='word_1_191' title='bbox 282 2736 408 2796; x_wconf 86' lang='lat' dir='ltr'><strong>destinat</strong></span> <span class='ocrx_word' id='word_1_192' title='bbox 420 2735 479 2794; x_wconf 87' lang='lat' dir='ltr'><strong>tilio</strong></span> <span class='ocrx_word' id='word_1_193' title='bbox 491 2755 528 2794; x_wconf 83' lang='lat' dir='ltr'><strong>ea</strong></span> <span class='ocrx_word' id='word_1_194' title='bbox 537 2736 659 2795; x_wconf 85' lang='lat' dir='ltr'><strong>Roxane</strong></span> <span class='ocrx_word' id='word_1_195' title='bbox 672 2736 779 2811; x_wconf 85' lang='lat' dir='ltr'><strong>futuro,</strong></span> <span class='ocrx_word' id='word_1_196' title='bbox 794 2736 962 2796; x_wconf 86' lang='lat' dir='ltr'><strong>Perdiccam</strong></span> <span class='ocrx_word' id='word_1_197' title='bbox 975 2743 1004 2794; x_wconf 90' lang='lat' dir='ltr'><strong>et</strong></span> <span class='ocrx_word' id='word_1_198' title='bbox 1018 2737 1182 2796; x_wconf 84' lang='lat' dir='ltr'><strong>Leonatum</strong></span> 
     </span>
     <span class='ocr_line' id='line_1_26' title="bbox 167 2829 1183 2911; baseline -0.003 -19"><span class='ocrx_word' id='word_1_199' title='bbox 167 2833 258 2910; x_wconf 87' lang='lat' dir='ltr'><strong>stirpe</strong></span> <span class='ocrx_word' id='word_1_200' title='bbox 282 2833 363 2911; x_wconf 80' lang='lat' dir='ltr'><strong>regit</strong></span> <span class='ocrx_word' id='word_1_201' title='bbox 389 2830 508 2910; x_wconf 83' lang='lat' dir='ltr'><strong>genitos.</strong></span> <span class='ocrx_word' id='word_1_202' title='bbox 563 2829 692 2907; x_wconf 83' lang='lat' dir='ltr'><strong>Adjecit,</strong></span> <span class='ocrx_word' id='word_1_203' title='bbox 719 2837 752 2887; x_wconf 91' lang='lat' dir='ltr'><strong>ut</strong></span> <span class='ocrx_word' id='word_1_204' title='bbox 778 2830 809 2888; x_wconf 92' lang='lat' dir='ltr'><strong>in</strong></span> <span class='ocrx_word' id='word_1_205' title='bbox 836 2831 955 2907; x_wconf 67' lang='lat' dir='ltr'><strong>Europe</strong></span> <span class='ocrx_word' id='word_1_206' title='bbox 983 2829 1123 2890; x_wconf 80' lang='lat' dir='ltr'><strong>Craterus</strong></span> <span class='ocrx_word' id='word_1_207' title='bbox 1151 2839 1183 2889; x_wconf 86' lang='lat' dir='ltr'><strong>ct</strong></span> 
     </span>
     <span class='ocr_line' id='line_1_27' title="bbox 140 2924 1183 3005; baseline -0.002 -17"><span class='ocrx_word' id='word_1_208' title='bbox 140 2957 144 2964; x_wconf 92' lang='lat'><em>·</em></span> <span class='ocrx_word' id='word_1_209' title='bbox 167 2928 324 3004; x_wconf 77' lang='lat' dir='ltr'><strong>Antipater</strong></span> <span class='ocrx_word' id='word_1_210' title='bbox 348 2946 395 2987; x_wconf 87' lang='lat' dir='ltr'><strong>res</strong></span> <span class='ocrx_word' id='word_1_211' title='bbox 415 2925 657 2984; x_wconf 79' lang='lat' dir='ltr'><strong>administrarent.</strong></span> <span class='ocrx_word' id='word_1_212' title='bbox 700 2924 775 3002; x_wconf 78' lang='lat' dir='ltr'><strong>Tum</strong></span> <span class='ocrx_word' id='word_1_213' title='bbox 796 2925 997 3002; x_wconf 89' lang='lat' dir='ltr'><strong>jusjurandum</strong></span> <span class='ocrx_word' id='word_1_214' title='bbox 1022 2925 1183 3005; x_wconf 81' lang='lat' dir='ltr'><strong>asingulis</strong></span> 
     </span>
     <span class='ocr_line' id='line_1_28' title="bbox 85 3019 1291 3098; baseline -0.002 -16"><span class='ocrx_word' id='word_1_215' title='bbox 85 3036 90 3044; x_wconf 88' lang='lat'><em>&#39;</em></span> <span class='ocrx_word' id='word_1_216' title='bbox 168 3028 310 3095; x_wconf 87' lang='lat' dir='ltr'><strong>exactum,</strong></span> <span class='ocrx_word' id='word_1_217' title='bbox 324 3021 438 3080; x_wconf 81' lang='lat' dir='ltr'><strong>futuros</strong></span> <span class='ocrx_word' id='word_1_218' title='bbox 451 3019 483 3078; x_wconf 89' lang='lat' dir='ltr'><strong>in</strong></span> <span class='ocrx_word' id='word_1_219' title='bbox 495 3026 638 3097; x_wconf 86' lang='lat' dir='ltr'><strong>potestate</strong></span> <span class='ocrx_word' id='word_1_220' title='bbox 652 3019 745 3098; x_wconf 86' lang='lat' dir='ltr'><strong>Regis</strong></span> <span class='ocrx_word' id='word_1_221' title='bbox 754 3020 846 3098; x_wconf 83' lang='lat' dir='ltr'><strong>geniti</strong></span> <span class='ocrx_word' id='word_1_222' title='bbox 856 3020 1032 3081; x_wconf 83' lang='lat' dir='ltr'><strong>Alexandro.</strong></span> <span class='ocrx_word' id='word_1_223' title='bbox 1075 3021 1183 3080; x_wconf 85' lang='lat' dir='ltr'><strong>Melea·</strong></span> <span class='ocrx_word' id='word_1_224' title='bbox 1290 3033 1291 3086; x_wconf 70' lang='lat' dir='ltr'><strong>t</strong></span> 
     </span>
     <span class='ocr_line' id='line_1_29' title="bbox 168 3101 1291 3197; baseline 0.004 -23"><span class='ocrx_word' id='word_1_225' title='bbox 168 3137 228 3197; x_wconf 80' lang='lat' dir='ltr'><strong>ger,</strong></span> <span class='ocrx_word' id='word_1_226' title='bbox 242 3116 318 3174; x_wconf 83' lang='lat' dir='ltr'><strong>hand</strong></span> <span class='ocrx_word' id='word_1_227' title='bbox 340 3117 448 3191; x_wconf 67' lang='lat' dir='ltr'><strong>injurie</strong></span> <span class='ocrx_word' id='word_1_228' title='bbox 460 3122 539 3172; x_wconf 90' lang='lat' dir='ltr'><strong>metu</strong></span> <span class='ocrx_word' id='word_1_229' title='bbox 560 3114 693 3192; x_wconf 86' lang='lat' dir='ltr'><strong>supplicii</strong></span> <span class='ocrx_word' id='word_1_230' title='bbox 715 3115 842 3190; x_wconf 89' lang='lat' dir='ltr'><strong>territus,</strong></span> <span class='ocrx_word' id='word_1_231' title='bbox 857 3135 920 3174; x_wconf 88' lang='lat' dir='ltr'><strong>cum</strong></span> <span class='ocrx_word' id='word_1_232' title='bbox 934 3115 996 3174; x_wconf 83' lang='lat' dir='ltr'><strong>suis</strong></span> <span class='ocrx_word' id='word_1_233' title='bbox 1015 3124 1182 3178; x_wconf 84' lang='lat' dir='ltr'><strong>secesserat.</strong></span> <span class='ocrx_word' id='word_1_234' title='bbox 1290 3101 1291 3124; x_wconf 49' lang='lat'>¹</span> 
     </span>
     <span class='ocr_line' id='line_1_30' title="bbox 168 3209 1183 3289; baseline -0.003 -17"><span class='ocrx_word' id='word_1_235' title='bbox 168 3213 284 3272; x_wconf 85' lang='lat' dir='ltr'><strong>Rursus</strong></span> <span class='ocrx_word' id='word_1_236' title='bbox 297 3209 466 3288; x_wconf 88' lang='lat' dir='ltr'><strong>Philippum</strong></span> <span class='ocrx_word' id='word_1_237' title='bbox 478 3209 595 3268; x_wconf 86' lang='lat' dir='ltr'><strong>trahens</strong></span> <span class='ocrx_word' id='word_1_238' title='bbox 608 3229 713 3285; x_wconf 90' lang='lat' dir='ltr'><strong>aecum,</strong></span> <span class='ocrx_word' id='word_1_239' title='bbox 728 3209 834 3288; x_wconf 90' lang='lat' dir='ltr'><strong>irrupit</strong></span> <span class='ocrx_word' id='word_1_240' title='bbox 847 3210 879 3268; x_wconf 91' lang='lat' dir='ltr'><strong>in</strong></span> <span class='ocrx_word' id='word_1_241' title='bbox 891 3212 1006 3289; x_wconf 84' lang='lat' dir='ltr'><strong>regiam,</strong></span> <span class='ocrx_word' id='word_1_242' title='bbox 1021 3210 1183 3287; x_wconf 73' lang='lat' dir='ltr'><strong>clamitans,</strong></span> 
     </span>
     <span class='ocr_line' id='line_1_31' title="bbox 169 3303 1183 3385; baseline 0 -18"><span class='ocrx_word' id='word_1_243' title='bbox 169 3305 319 3385; x_wconf 85' lang='lat' dir='ltr'><strong>suffragari</strong></span> <span class='ocrx_word' id='word_1_244' title='bbox 340 3304 403 3382; x_wconf 87' lang='lat' dir='ltr'><strong>spei</strong></span> <span class='ocrx_word' id='word_1_245' title='bbox 424 3303 556 3382; x_wconf 75' lang='lat' dir='ltr'><strong>publicas,</strong></span> <span class='ocrx_word' id='word_1_246' title='bbox 578 3305 615 3362; x_wconf 89' lang='lat' dir='ltr'><strong>de</strong></span> <span class='ocrx_word' id='word_1_247' title='bbox 637 3323 711 3364; x_wconf 85' lang='lat' dir='ltr'><strong>novo</strong></span> <span class='ocrx_word' id='word_1_248' title='bbox 733 3305 815 3382; x_wconf 80' lang='lat' dir='ltr'><strong>Rege</strong></span> <span class='ocrx_word' id='word_1_249' title='bbox 836 3305 922 3382; x_wconf 81' lang='lat' dir='ltr'><strong>paulo</strong></span> <span class='ocrx_word' id='word_1_250' title='bbox 937 3310 1005 3363; x_wconf 69' lang='lat' dir='ltr'><strong>ente</strong></span> <span class='ocrx_word' id='word_1_251' title='bbox 1027 3315 1183 3384; x_wconf 81' lang='lat' dir='ltr'><strong>conceptae,</strong></span> 
     </span>
     <span class='ocr_line' id='line_1_32' title="bbox 149 3399 1186 3478; baseline -0.004 -14"><span class='ocrx_word' id='word_1_252' title='bbox 149 3403 256 3464; x_wconf 67' lang='lat' dir='ltr'><strong>›robur</strong></span> <span class='ocrx_word' id='word_1_253' title='bbox 277 3400 391 3460; x_wconf 84' lang='lat' dir='ltr'><strong>aetatis:</strong></span> <span class='ocrx_word' id='word_1_254' title='bbox 411 3399 614 3477; x_wconf 83' lang='lat' dir='ltr'><strong>experirentur</strong></span> <span class='ocrx_word' id='word_1_255' title='bbox 634 3399 720 3458; x_wconf 68' lang='lat' dir='ltr'><strong>modii</strong></span> <span class='ocrx_word' id='word_1_256' title='bbox 741 3399 861 3478; x_wconf 88' lang='lat' dir='ltr'><strong>stirpem</strong></span> <span class='ocrx_word' id='word_1_257' title='bbox 883 3400 1021 3478; x_wconf 90' lang='lat' dir='ltr'><strong>Philippi,</strong></span> <span class='ocrx_word' id='word_1_258' title='bbox 1043 3403 1186 3460; x_wconf 88' lang='lat' dir='ltr'><strong>etlilium</strong></span> 
     </span>
     <span class='ocr_line' id='line_1_33' title="bbox 169 3493 1183 3573; baseline -0.002 -15"><span class='ocrx_word' id='word_1_259' title='bbox 169 3518 202 3558; x_wconf 87' lang='lat' dir='ltr'><strong>ac</strong></span> <span class='ocrx_word' id='word_1_260' title='bbox 215 3497 333 3556; x_wconf 75' lang='lat' dir='ltr'><strong>fratrem</strong></span> <span class='ocrx_word' id='word_1_261' title='bbox 346 3495 460 3573; x_wconf 80' lang='lat' dir='ltr'><strong>Regum</strong></span> <span class='ocrx_word' id='word_1_262' title='bbox 474 3493 611 3554; x_wconf 90' lang='lat' dir='ltr'><strong>duorum:</strong></span> <span class='ocrx_word' id='word_1_263' title='bbox 632 3493 820 3571; x_wconf 87' lang='lat' dir='ltr'><strong>sibimetipsis</strong></span> <span class='ocrx_word' id='word_1_264' title='bbox 833 3493 1011 3570; x_wconf 81' lang='lat' dir='ltr'><strong>potissimum</strong></span> <span class='ocrx_word' id='word_1_265' title='bbox 1024 3495 1183 3556; x_wconf 82' lang='lat' dir='ltr'><strong>crederent</strong></span> 
     </span>
     <span class='ocr_line' id='line_1_34' title="bbox 170 3583 1185 3668; baseline -0.003 -17"><span class='ocrx_word' id='word_1_266' title='bbox 170 3592 293 3652; x_wconf 90' lang='lat' dir='ltr'><strong>Nullum</strong></span> <span class='ocrx_word' id='word_1_267' title='bbox 314 3589 488 3668; x_wconf 88' lang='lat' dir='ltr'><strong>profundum</strong></span> <span class='ocrx_word' id='word_1_268' title='bbox 509 3608 596 3663; x_wconf 89' lang='lat' dir='ltr'><strong>mare,</strong></span> <span class='ocrx_word' id='word_1_269' title='bbox 611 3589 723 3646; x_wconf 89' lang='lat' dir='ltr'><strong>nullum</strong></span> <span class='ocrx_word' id='word_1_270' title='bbox 735 3583 850 3648; x_wconf 78' lang='lat' dir='ltr'><strong>vastum</strong></span> <span class='ocrx_word' id='word_1_271' title='bbox 871 3589 976 3646; x_wconf 89' lang='lat' dir='ltr'><strong>fretum</strong></span> <span class='ocrx_word' id='word_1_272' title='bbox 998 3596 1028 3646; x_wconf 91' lang='lat' dir='ltr'><strong>ct</strong></span> <span class='ocrx_word' id='word_1_273' title='bbox 1047 3591 1185 3666; x_wconf 88' lang='lat' dir='ltr'><strong>procello-</strong></span> 
     </span>
     <span class='ocr_line' id='line_1_35' title="bbox 170 3682 1185 3760; baseline -0.005 -13"><span class='ocrx_word' id='word_1_274' title='bbox 170 3708 236 3747; x_wconf 89' lang='lat' dir='ltr'><strong>sum</strong></span> <span class='ocrx_word' id='word_1_275' title='bbox 257 3692 355 3744; x_wconf 87' lang='lat' dir='ltr'><strong>tantos</strong></span> <span class='ocrx_word' id='word_1_276' title='bbox 367 3685 425 3742; x_wconf 89' lang='lat' dir='ltr'><strong>ciet</strong></span> <span class='ocrx_word' id='word_1_277' title='bbox 445 3684 689 3760; x_wconf 70' lang='lat' dir='ltr'><strong>fluctuqquantos</strong></span> <span class='ocrx_word' id='word_1_278' title='bbox 711 3682 868 3741; x_wconf 87' lang='lat' dir='ltr'><strong>multitudo</strong></span> <span class='ocrx_word' id='word_1_279' title='bbox 889 3689 984 3740; x_wconf 85' lang='lat' dir='ltr'><strong>motus</strong></span> <span class='ocrx_word' id='word_1_280' title='bbox 997 3682 1094 3758; x_wconf 88' lang='lat' dir='ltr'><strong>habet,</strong></span> <span class='ocrx_word' id='word_1_281' title='bbox 1110 3685 1185 3742; x_wconf 88' lang='lat' dir='ltr'><strong>⁴uti·</strong></span> 
     </span>
     <span class='ocr_line' id='line_1_36' title="bbox 170 3777 1186 3861; baseline -0.002 -21"><span class='ocrx_word' id='word_1_282' title='bbox 170 3801 226 3861; x_wconf 90' lang='lat' dir='ltr'><strong>qne</strong></span> <span class='ocrx_word' id='word_1_283' title='bbox 239 3781 265 3839; x_wconf 90' lang='lat' dir='ltr'><strong>si</strong></span> <span class='ocrx_word' id='word_1_284' title='bbox 277 3785 352 3838; x_wconf 73' lang='lat' dir='ltr'><strong>novt</strong></span> <span class='ocrx_word' id='word_1_285' title='bbox 366 3787 397 3836; x_wconf 89' lang='lat' dir='ltr'><strong>et</strong></span> <span class='ocrx_word' id='word_1_286' title='bbox 417 3779 499 3839; x_wconf 83' lang='lat' dir='ltr'><strong>brevi</strong></span> <span class='ocrx_word' id='word_1_287' title='bbox 519 3779 661 3835; x_wconf 70' lang='lat' dir='ltr'><strong>duraturi</strong></span> <span class='ocrx_word' id='word_1_288' title='bbox 674 3777 809 3837; x_wconf 87' lang='lat' dir='ltr'><strong>libertate</strong></span> <span class='ocrx_word' id='word_1_289' title='bbox 830 3777 967 3836; x_wconf 80' lang='lat' dir='ltr'><strong>luxuriat.</strong></span> <span class='ocrx_word' id='word_1_290' title='bbox 1009 3777 1099 3836; x_wconf 78' lang='lat' dir='ltr'><strong>Pauci</strong></span> <span class='ocrx_word' id='word_1_291' title='bbox 1114 3779 1186 3838; x_wconf 88' lang='lat' dir='ltr'><strong>Per·</strong></span> 
     </span>
     <span class='ocr_line' id='line_1_37' title="bbox 171 3871 1291 3952; baseline 0.003 -20"><span class='ocrx_word' id='word_1_292' title='bbox 171 3877 259 3937; x_wconf 71' lang='lat' dir='ltr'><strong>dioese</strong></span> <span class='ocrx_word' id='word_1_293' title='bbox 271 3874 359 3933; x_wconf 76' lang='lat' dir='ltr'><strong>modo</strong></span> <span class='ocrx_word' id='word_1_294' title='bbox 372 3874 473 3947; x_wconf 91' lang='lat' dir='ltr'><strong>electo,</strong></span> <span class='ocrx_word' id='word_1_295' title='bbox 487 3872 584 3951; x_wconf 84' lang='lat' dir='ltr'><strong>plures</strong></span> <span class='ocrx_word' id='word_1_296' title='bbox 595 3871 730 3950; x_wconf 90' lang='lat' dir='ltr'><strong>Philippo</strong></span> <span class='ocrx_word' id='word_1_297' title='bbox 743 3875 831 3950; x_wconf 74' lang='lat' dir='ltr'><strong>quim</strong></span> <span class='ocrx_word' id='word_1_298' title='bbox 845 3879 1018 3950; x_wconf 87' lang='lat' dir='ltr'><strong>speraverat,</strong></span> <span class='ocrx_word' id='word_1_299' title='bbox 1033 3873 1189 3952; x_wconf 86' lang='lat' dir='ltr'><strong>imperium</strong></span> <span class='ocrx_word' id='word_1_300' title='bbox 1290 3927 1291 3938; x_wconf 70' lang='grc'>,</span> 
     </span>
    </p>
   </div>
   <div class='ocr_carea' id='block_1_3' title="bbox 0 0 1300 4400">
    <p class='ocr_par' dir='ltr' id='par_1_3' title="bbox 0 0 1300 4400">
     <span class='ocr_line' id='line_1_38' title="bbox 0 0 1300 4400; baseline 0 0"><span class='ocrx_word' id='word_1_301' title='bbox 0 0 1300 4400; x_wconf 95' lang='lat' dir='ltr'><strong> </strong></span> 
     </span>
    </p>
   </div>
  </div>
 </body>
</html>
