2592 4400
201 408 257 469 uc
544 424 682 475 consur
710 424 850 467 ounru

192 564 314 623 metram
338 564 404 640 ejus
424 560 620 638 Polemonem,
634 561 672 623 de
691 580 749 641 quo
762 562 831 623 ante
846 561 955 623 dictum
978 570 1033 640 est,
1045 562 1201 642 fugientem

193 657 349 732 consecuti,
373 659 503 717 vinctum
526 657 711 719 reducebant
764 657 879 717 Infesta
899 659 999 719 concio
1019 659 1071 719 vix
1092 658 1203 719 inhibui

192 752 296 831 potuit,
310 752 381 831 quin
402 752 533 831 protinus
555 770 702 813 enomere
725 771 795 811 saxa
816 751 847 811 in
861 772 926 812 sum
944 755 1062 830 jaceret
1106 755 1203 831 Atque

192 847 243 907 iile
277 847 346 905 saud
372 846 534 920 interritus,
562 846 704 920 “Nisib”
735 846 839 925 inquit,
868 850 948 925 “pro
977 866 1023 907 me
1056 847 1203 925 deprecor,

194 941 486 1002 'modonefratrum
509 940 682 1001 innocentius
696 940 766 1021 fuga
789 941 950 1020 imputetur
971 960 1042 1001 mea
1085 942 1162 1003 Haec
1181 940 1205 999 si

192 1038 310 1097 defendi
332 1056 391 1097 nou
412 1043 519 1116 potest,
533 1055 630 1096 meum
654 1036 763 1095 crimen
786 1036 832 1095 sit.
876 1036 991 1095 Horum
1007 1036 1044 1097 ob
1057 1036 1089 1095 id
1111 1038 1204 1115 ipsum

190 1133 295 1192 melior
321 1140 368 1192 est
393 1150 489 1207 cama,
513 1131 592 1210 quod
615 1150 678 1209 ego,
705 1132 756 1211 qui
779 1130 905 1211 profugi,
933 1140 1085 1209 suspectus
1114 1132 1205 1191 snm.¹’

192 1226 268 1287 Hac
280 1227 396 1287 elocuto
407 1225 545 1286 universa
563 1226 663 1285 concio
678 1244 795 1285 assensa
816 1232 869 1285 est
911 1226 1083 1304 'Laurymae
1099 1224 1205 1287 deiude

191 1322 325 1382 omnibus
337 1340 454 1381 manare
466 1328 625 1399 ceperunt,
639 1320 712 1381 oded
734 1319 764 1379 in
788 1320 967 1381 contrarium
981 1320 1100 1398 repente
1116 1328 1206 1381 muta

191 1415 240 1487 tis,
261 1422 296 1475 ut
318 1414 414 1473 solnm
437 1434 490 1493 pro
510 1433 545 1475 ec
565 1420 644 1475 esset
666 1414 744 1493 quod
763 1414 891 1473 maxime
913 1414 1036 1475 laeserat.
1080 1414 1103 1475 J
1104 1415 1207 1477 uveuis

190 1515 254 1569 erat
266 1508 359 1585 primo
372 1510 469 1569 atatis
482 1509 551 1569 flore
570 1509 739 1587 pubescens,
754 1529 839 1589 quem
859 1509 936 1567 inter
950 1510 1062 1588 equites
1077 1517 1205 1569 tormen·

190 1604 230 1663 tis
244 1602 372 1663 Philota
385 1604 572 1665 conturbatos
585 1604 715 1664 'alienus
729 1612 824 1665 terror
838 1603 1004 1665 abstulerat
1048 1604 1207 1665 Desertum

190 1719 258 1759 eum
271 1718 289 1758 a
301 1697 468 1775 comitibus,
482 1706 514 1759 et
534 1698 719 1761 hoesituntem
743 1700 820 1759 inter
833 1700 998 1759 revertendi
1019 1700 1208 1779 fugiendique

190 1793 352 1871 consilium,
364 1794 416 1874 qui
429 1794 523 1855 menti
536 1801 628 1869 eraut,
637 1801 858 1872 occupaverunt.
901 1793 935 1853 Is
949 1802 1012 1853 tum
1025 1795 1094 1855 fiere
1108 1796 1207 1874 erepit,

190 1897 221 1949 et
234 1909 267 1951 os
280 1908 365 1949 snum
378 1888 594 1964 converberare,
608 1888 748 1949 ‘mustus
761 1908 817 1949 non
841 1908 922 1947 suem
936 1888 1036 1963 vicem,
1058 1888 1110 1949 sed
1125 1910 1207 1969 prop·

146 1986 151 1993 '
190 1992 236 2045 ter
256 1985 352 2064 ipsum
364 1982 594 2063 periclitantium
614 1983 747 2043 fratrum.
791 1982 982 2062 Moveratque
1000 1986 1061 2061 jam
1083 1984 1207 2065 Regem,

188 2100 247 2139 uon
268 2080 433 2141 concionem
452 2078 557 2139 modo:
578 2078 630 2137 sed
653 2098 729 2137 unus
741 2085 804 2137 erat
824 2077 1014 2156 implacabilis
1034 2079 1136 2154 freter,
1158 2080 1208 2160 qui

190 2175 317 2237 terribili
330 2174 416 2237 vultu
428 2174 546 2234 intuens
559 2193 636 2249 eum,
659 2177 676 2208 “
687 2173 791 2250 Tum,’¹
812 2174 862 2250 ait,
878 2174 1024 2234 “demens
1046 2174 1207 2254 lacrymare

189 2271 341 2344 debueras,
372 2272 437 2328 edm
472 2288 546 2348 equo
573 2268 697 2327 calearia
725 2268 872 2343 subderes,
906 2270 1031 2328 fratrum
1065 2269 1207 2342 desertor,

189 2372 220 2424 et
233 2364 414 2423 desertorum
436 2383 542 2423 comes.
583 2362 686 2438 Miser,
700 2364 767 2442 qud,
782 2371 813 2424 et
831 2363 908 2423 unde
928 2364 1087 2443 fugiebas?
1128 2365 1207 2426 Effe

189 2459 257 2518 cisti
279 2465 314 2518 ut
336 2476 403 2518 reus
426 2459 531 2537 capitis
552 2459 739 2518 accusatoriis
764 2466 862 2519 uterer
887 2459 1016 2520 verbis.’'
1057 2459 1115 2520 Ille
1142 2481 1206 2541 pec·

189 2557 272 2614 utsse
294 2572 336 2630 se,
356 2553 409 2615 aad
430 2553 547 2634 gratim
570 2553 601 2614 iu
621 2554 737 2629 fratres,
758 2555 846 2634 quiam
867 2554 898 2614 in
919 2554 1116 2634 semetipsum,
1136 2559 1207 2617 fate

190 2649 284 2711 batur.

249 2749 276 2806 5.
300 2745 376 2806 Tum
407 2746 485 2821 rard,
512 2764 607 2825 neque
640 2743 787 2822 lucrymis,
814 2763 907 2824 neque
941 2745 1205 2824 acclamationibus,

188 2842 295 2921 quibua
309 2841 407 2902 studia
420 2861 474 2902 sua
493 2839 652 2900 multitudo
672 2841 832 2917 profitetur,
853 2849 1095 2918 temperaverunt
1137 2843 1206 2904 Una
1266 2853 1267 2896 ὲ

188 2957 246 3000 vox
259 2945 323 2998 arat
343 2936 525 3016 patiemissn
537 2955 688 3010 consensu,
702 2942 737 2994 ut
758 2935 923 2998 insontibus
944 2943 974 2996 et
994 2937 1120 2998 fortibus
1133 2940 1205 2999 viris
1266 2981 1267 3024 ,

189 3040 328 3110 parceret
371 3031 471 3091 Amici
491 3050 616 3110 quoque,
640 3030 710 3090 dett
734 3031 942 3091 misericordiae
967 3032 1125 3110 occasione,
1140 3053 1204 3094 ccu-

190 3135 323 3206 surgunt,
337 3127 494 3204 flentesque
515 3127 628 3204 Regem
648 3125 850 3204 deprecantur.
902 3126 969 3201 Ille,
984 3127 1101 3186 silentio
1116 3130 1204 3202 facto,

190 3226 208 3256 “
220 3221 263 3280 Et
276 3219 367 3298 ipae,‘’
381 3220 485 3298 inquit,
509 3222 696 3298 “Amyntam
715 3224 781 3280 met
805 3222 952 3281 sententia
966 3223 1127 3302 fratresque
1142 3227 1205 3300 ejus
1266 3211 1267 3282 i

189 3316 316 3379 absolvo.
359 3314 424 3374 Vos
446 3322 553 3389 autem,
572 3318 704 3393 juvenes,
728 3316 805 3376 malo
829 3316 960 3377 beneficii
985 3319 1041 3376 mei
1062 3319 1203 3394 oblivisci,

189 3414 279 3493 quiam
292 3411 415 3490 periculi
425 3411 514 3470 vestri
524 3412 697 3471 meminisse.
740 3412 1067 3488 Etdemfidereditein
1081 3416 1204 3492 gratiam
1266 3407 1267 3464 ἶ

189 3529 311 3582 meeum,
325 3510 384 3586 qut
398 3506 460 3584 ipse
473 3507 620 3567 vobiscum
640 3516 777 3568 revertor.
821 3508 889 3568 Nisi
903 3530 968 3588 quae
988 3509 1086 3570 deleta
1100 3519 1205 3587 essent,

190 3602 508 3680 'excussissem„valde
531 3602 726 3664 dissimulatio
747 3624 812 3664 mea
826 3613 959 3682 suspecta
973 3625 1036 3664 esse
1050 3608 1203 3683 potuisset.

191 3701 251 3762 Sed
275 3701 368 3760 satius
381 3705 428 3759 est
450 3706 591 3778 purgatos
604 3717 678 3773 esse,-
691 3702 781 3778 quiam
801 3708 956 3778 suspectos.
1001 3699 1138 3778 Cogitate
1159 3723 1205 3762 ne

192 3798 298 3854 minem
311 3795 424 3855 absolvi
443 3813 538 3871 posse,
551 3795 609 3853 nisi
630 3795 681 3872 qui
696 3795 805 3854 dixerit
818 3813 941 3854 eausam.
993 3795 1047 3871 Τιι,
1062 3797 1204 3876 Amyntu,

193 3893 308 3969 ignosce
330 3891 415 3950 fratri
437 3897 505 3948 tuo:
537 3890 596 3949 erit
618 3890 673 3950 hcc
695 3889 885 3968 'simpliciter
905 3892 993 3950 etiam
1013 3891 1086 3952 mihi
1106 3913 1202 3954 recon-
1266 3903 1267 3976 i
