2592 4400
431 358 553 399 uranu
583 358 636 399 rx.
667 359 754 402 css.
776 359 814 399 v.
1068 344 1129 405 22⁷

117 503 149 553 et
161 494 320 572 impeditas
332 503 553 573 aucupaverunt.
595 492 727 568 Quorum
747 516 849 576 agmen
863 497 930 559 Rex
943 498 1055 559 frustrd
1068 518 1129 577 per·

119 598 247 663 secutus,
261 590 468 668 impedimenta
480 591 566 669 cepit.

184 688 227 743 14.
251 685 428 744 Perventum
448 686 553 745 deindb
574 693 620 745 est
640 686 678 745 ad
697 686 834 764 oppidum
857 686 1083 763 Oxydraoarum,
1098 688 1129 748 in

118 778 197 859 qnod
223 779 354 858 plerique
375 781 571 857 confugerant,
597 782 617 809 ¹⁸
626 781 704 841 hand
731 784 839 859 majore
863 783 969 841 fidncia
992 784 1129 852 moeninrn

117 876 208 953 quiam
228 894 381 933 armorum.
423 876 521 957 ”UJam
545 876 718 937 admovebat
740 876 815 951 Rex,
830 880 990 956 ebm'vates
1012 892 1128 940 monere

118 990 184 1028 eum
208 970 305 1046 ooepit,
319 990 356 1029 ne
379 970 581 1045 committeret,
602 978 655 1030 aut
676 975 755 1031 certe
780 970 909 1031 differret
931 972 1127 1034 obsidionem:

118 1066 189 1124 vitae
202 1068 267 1142 ejus
280 1065 441 1142 periculum
462 1067 585 1125 ostendi.
627 1066 695 1125 Rex
717 1066 935 1143 Demophoonta
949 1067 987 1142 (is
1007 1070 1142 1145 namque*

117 1169 201 1220 vates
214 1164 289 1239 erat)
304 1161 428 1235 intuens,
450 1165 467 1195 “
477 1161 511 1222 si
527 1162 620 1241 quis,''
634 1162 736 1241 iuquit,
751 1164 767 1195 “
779 1168 817 1236 te,
832 1162 890 1219 arti
904 1161 963 1223 tuae
977 1162 1128 1239 intentum,

118 1264 149 1314 et
160 1263 230 1314 exta
250 1263 436 1333 spectantem,
451 1258 492 1315 sic
512 1256 688 1333 interpellet,
703 1276 761 1315 nou
785 1256 916 1317 dubitem
935 1257 1006 1336 quin
1025 1257 1129 1317 iucem·

117 1352 269 1411 medusae
282 1351 421 1410 molestus
434 1352 527 1411 videri
540 1352 597 1411 tibi
610 1352 732 1429 possit.’'
774 1351 816 1411 Et
839 1355 903 1411 cbm
923 1346 975 1413 ille
995 1352 1038 1413 ita
1051 1371 1129 1431 pror·
1233 1342 1235 1348 Α

118 1466 168 1520 sus
181 1446 312 1505 futurum
324 1447 529 1524 respondisset,
551 1450 568 1480 “
581 1443 749 1521 Oenseme,''
786 1446 889 1526 inquit,
904 1450 920 1481 “
931 1448 1054 1511 ¹⁰tantes
1073 1466 1129 1523 res,

117 1560 177 1601 nou
200 1541 343 1621 pecudum
363 1542 460 1616 fibras,
475 1550 542 1600 ante
566 1542 665 1600 oeulos
687 1540 813 1615 habenti,
834 1542 927 1601 ullum
950 1562 1013 1601 esse
1036 1544 1130 1619 majus

118 1636 369 1713 impedimentum,
389 1639 477 1715 qnam
499 1644 596 1695 vatem
619 1636 826 1713 superstitione
849 1637 1014 1714 captuml”
1067 1636 1131 1697 Neo

119 1730 236 1790 diutirls
261 1732 349 1809 quam
383 1731 533 1808 respoudit
567 1738 704 1805 meratus,
733 1730 880 1789 admoveri
910 1731 994 1807 jubet
1028 1731 1130 1807 scalas,

120 1827 141 1854 ²¹
153 1826 415 1904 cunctantibusque
434 1827 558 1899 caeteris,
573 1826 671 1885 evadit
686 1826 717 1885 in
735 1846 858 1885 murum.
901 1826 1036 1904 Angusta
1055 1826 1131 1885 muri

119 1941 227 1980 corona
249 1928 319 1979 erat
367 1920 468 1979 ¹²Nou
489 1922 594 1998 pinum,
616 1922 693 1980 siout
715 1921 794 1995 alibi,
816 1920 965 1997 fastigium
989 1923 1052 1998 ejus
1075 1920 1131 1979 dis·

121 2016 279 2090 tinxerant,
293 2016 346 2075 sed
371 2025 513 2095 perpetua
540 2017 631 2076 lorica
655 2016 781 2077 obducta
808 2016 965 2075 transitum
993 2022 1129 2093 sepserat.

121 2112 228 2191 Itaque
244 2111 312 2171 Rex
325 2112 454 2172 baerebat
467 2114 559 2191 magis
572 2114 661 2191 quim
683 2112 780 2173 stabat
800 2113 830 2170 in
851 2111 871 2140 ²⁸
880 2112 1017 2190 margine,
1030 2112 1131 2191 clypeo

120 2207 250 2286 nudique
264 2208 422 2266 incidentia
435 2209 496 2267 tela
508 2209 688 2287 propulsans.
731 2207 760 2268 N
763 2229 810 2268 am
824 2208 953 2286 undique
969 2208 1081 2266 eminus
1095 2226 1133 2266 ex

120 2303 252 2362 turribus
264 2303 427 2380 petebatur.
469 2304 499 2362 N
501 2305 644 2364 ee-subire
655 2303 765 2366 milites
775 2311 918 2380 poterant,
929 2304 998 2382 quia
1009 2303 1132 2381 supcrntl

121 2399 151 2456 vi
179 2399 306 2456 telorum
334 2398 538 2458 obruebantur.
594 2399 726 2458 Tandem
754 2398 985 2476 magnitudinem
1012 2396 1134 2476 periculi

121 2495 218 2571 pudor
231 2494 319 2554 vicit:
339 2493 444 2571 quippe
458 2493 615 2569 cernebant
632 2493 817 2552 cunctatione
838 2497 891 2552 sut
912 2493 981 2553 dedi
1001 2493 1133 2552 hostibus

122 2589 245 2668 Regem.
289 2588 347 2650 Sed
361 2588 524 2648 festinando
539 2589 725 2648 morabantur
739 2588 857 2648 auxilia.
901 2587 930 2646 N
933 2609 978 2646 am
999 2587 1068 2648 dum
1081 2605 1134 2665 pro

121 2703 153 2742 se
166 2684 290 2762 quisque
303 2691 398 2742 certat
410 2684 541 2758 evadere,
553 2687 710 2746 oneravere
732 2683 841 2756 scalas:
863 2681 883 2710 ²⁴
893 2683 976 2761 queis
996 2701 1054 2741 nou
1075 2681 1133 2742 sui·

120 2779 295 2853 beientibus,
316 2779 457 2854 devoluti,
470 2779 586 2840 unicam
605 2799 685 2856 spem
706 2777 798 2856 Regis
811 2777 986 2836 fefellerunt
1029 2775 1135 2836 Stabat

121 2874 200 2932 euim
218 2875 249 2932 iu
272 2881 429 2951 conspectu
447 2874 522 2932 tanti
542 2874 701 2948 exercitlls,
715 2873 797 2934 velut
818 2871 849 2930 in
869 2870 1027 2930 solitudine
1048 2869 1134 2930 desti·

123 2977 212 3028 tutus
578 3024 583 3030 .
632 3000 635 3005 ·

182 3063 221 3123 V.
247 3065 291 3123 15.
312 3062 438 3142 Jamque
458 3062 641 3142 laevam,qut
654 3062 786 3140 elypeum
808 3059 846 3120 ad
867 3059 944 3123 ictus
957 3059 1135 3122 circumfere-

121 3158 182 3235 bat,
197 3158 366 3234 lassaverat,
379 3158 570 3228 clamantibus
593 3157 702 3232 amieis,
714 3164 748 3216 ut
768 3156 806 3216 ad
829 3156 906 3234 ipsos
925 3155 1064 3232 desiliret,
1078 3163 1135 3216 sta·

121 3254 248 3332 bantque
260 3253 426 3331 excepturi:
447 3258 512 3312 cnm
523 3253 575 3315 ille
588 3273 650 3312 rem
673 3271 758 3312 ausus
772 3258 817 3312 est
839 3251 1037 3313 incredibilem
1049 3259 1135 3330 atque

121 3349 299 3424 mundititia,
320 3349 482 3427 ¹multbque
514 3347 607 3428 magis
632 3347 672 3406 ad
703 3348 809 3408 famem
841 3347 1015 3407 temeritatis
1046 3347 1135 3424 quem

121 3444 223 3522 gloriae
247 3437 397 3523 insignem
447 3443 581 3522 Namque
603 3445 634 3502 iu
655 3443 756 3504 urbem
778 3442 907 3503 hostium
928 3441 1043 3520 plenam
1065 3459 1134 3516 prae·

121 3539 204 3617 eipiti
217 3539 297 3598 saltu
317 3548 408 3598 semet
428 3539 492 3616 ipse
513 3538 644 3613 immisit,
657 3540 725 3598 edm
738 3538 789 3600 vix
801 3555 917 3615 sperare
930 3541 1037 3613 posset,
1052 3533 1134 3594 dimi·

120 3642 234 3694 cantem
258 3637 381 3720 certdlet
400 3653 457 3693 nou
477 3621 688 3695 inultum,esse
708 3632 886 3692 moriturum.
927 3628 1042 3707 Quippe
1056 3635 1134 3686 aute

119 3732 209 3808 quim
233 3737 405 3809 assurgeret,
429 3729 552 3808 opprimi
574 3735 698 3806 poterat,
722 3735 752 3786 et
775 3726 838 3804 capi
862 3725 965 3784 vivus:
985 3723 1038 3786 sed
1058 3723 1134 3782 forte

120 3826 162 3886 ita
175 3827 336 3888 libraverat
348 3844 461 3907 corpus,
475 3826 527 3884 ’ut
547 3843 579 3884 se
600 3823 723 3902 pedibus
743 3821 894 3900 exciperet
935 3819 1041 3899 Itaque
1054 3824 1135 3894 stans
