2592 4400
227 391 285 447 116
561 402 711 453 cursor
744 402 892 447 ousnu

220 564 286 605 ram
299 543 413 621 occepit
431 542 605 622 imperium:
626 542 679 605 sed
699 543 730 603 ia
750 543 849 605 eedem
873 542 944 622 (tyri
966 544 1110 607 maeheic
1133 547 1233 625 Bsgoe

220 640 340 699 caetrati
358 639 484 699 hominis
504 638 667 699 admissus:
697 640 750 699 'ne
773 658 826 699 vos
849 659 953 719 magno
981 640 1085 701 labore
1113 641 1233 701 credetis

220 734 346 795 Bessum
359 754 481 793 vacuum
495 754 617 812 regnum
630 741 847 811 occupaturum.

279 834 297 865 “
310 830 338 889 N
341 850 374 889 os
386 832 455 889 vero
469 830 660 907 peccavimus,
674 830 793 903 milites,
809 830 834 889 si
848 830 969 889 Darium
985 831 1022 890 ob
1037 830 1093 889 hoc
1107 832 1234 905 vicimus,

218 930 254 985 nt
280 944 364 985 servo
390 928 470 1003 ejus⁴
487 924 670 983 traderemus
698 924 859 1001 imperium,
885 924 936 1002 qni
962 926 979 953 ¹⁰
989 924 1131 983 ultimum
1153 944 1233 983 ausas

218 1020 321 1096 scelus,
335 1020 449 1098 Regem
462 1039 556 1092 suum,
571 1020 660 1079 etiem
676 1020 693 1047 ¹¹
704 1027 833 1079 externae
847 1020 910 1097 opis
931 1027 1074 1097 egentem,
1096 1022 1177 1079 certe
1192 1019 1233 1079 cni

109 1102 116 1113 ⁹
217 1134 272 1173 nos
285 1116 410 1176 victores
422 1115 660 1193 pepercissemus,
675 1114 758 1193 qussi
773 1115 919 1193 captivum
933 1116 963 1172 in
978 1114 1101 1175 vinculis
1115 1116 1231 1191 hebuit;

216 1210 256 1269 ed
269 1210 414 1283 ultimum,
428 1230 465 1269 ne
478 1230 496 1267 s
508 1208 593 1268 nobie
606 1209 771 1268 conserver-i
790 1217 898 1286 posset,
912 1210 1025 1269 occidit
1080 1210 1173 1269 Hunc
1187 1230 1233 1269 vos

120 1298 194 1361 ΙΝ
216 1325 337 1383 regnare
359 1305 531 1381 patiemini?
551 1324 637 1383 quem
662 1304 796 1383 equidem
821 1306 900 1363 cruci
924 1306 1041 1363 affixum
1059 1305 1163 1365 videre
1184 1308 1232 1365 fes

215 1400 287 1473 tino,
302 1399 436 1459 omnibns
450 1399 583 1477 Regibus
594 1400 787 1479 gentibusque
810 1400 886 1478 fidei,
907 1420 993 1478 quem
1008 1400 1137 1475 violavit,
1153 1402 1232 1461 meri·

215 1502 263 1553 tas
276 1514 374 1571 peenas
389 1495 558 1555 solventem
601 1496 645 1554 At
657 1494 786 1569 hercule,
794 1496 820 1554 si
835 1514 902 1554 mox
916 1496 1048 1554 eumdem
1063 1494 1233 1556 Graecorum

214 1589 313 1665 urbm,
327 1598 379 1648 aut
402 1590 627 1667 Hellespontum
651 1598 766 1653 restare
790 1590 958 1649 nunciatum
982 1592 1038 1650 erit
1062 1592 1157 1667 vobis,
1179 1612 1232 1671 quc

215 1679 316 1745 dolore
329 1686 500 1760 efficiemini,
516 1686 641 1745 Bessum
654 1686 774 1763 praemis
787 1694 895 1747 vestrae
908 1688 1065 1765 occupssse
1078 1687 1233 1749 victo-riae‘?

147 1767 200 1845 'no
215 1780 298 1839 Tunc
324 1781 363 1840 ed
388 1780 562 1858 repetendas
590 1800 640 1840 res
667 1771 862 1841 festinabitis}
897 1787 967 1839 tuna
994 1801 1074 1841 erma
1101 1782 1231 1859 capietis

215 1873 333 1947 Quanta
355 1883 452 1936 entem
475 1882 628 1952 praestaret
648 1875 785 1933 territum
807 1874 902 1933 adhuc
924 1883 954 1935 et
974 1876 1025 1934 vix
1044 1877 1152 1935 mentis
1174 1897 1233 1937 suae

217 1978 388 2047 compatem,
411 1968 599 2047 opprimere?
648 1966 805 2041 Qustridui
827 1971 911 2030 nobis
934 1970 990 2029 iter
1017 1976 1161 2047 superest,
1183 1973 1232 2051 qui

214 2070 260 2123 tot
272 2065 503 2141 proculcavimus
517 2065 607 2139 niues,
621 2071 669 2124 tot
690 2084 789 2124 omnes
807 2066 1013 2143 superavimus,
1029 2072 1074 2123 tot
1086 2068 1232 2125 montium

221 2152 293 2238 juge
314 2160 547 2218 transcurrimus.
589 2158 659 2219 Non
682 2179 761 2220 mare
785 2160 868 2238 illud,
884 2160 962 2240 quod
982 2166 1147 2220 exsestuane
1174 2162 1232 2222 itcr

130 2247 352 2314 ,⁴²7⁵flnecibue
375 2263 504 2332 occupet,
527 2263 629 2315 euntes
652 2275 706 2316 nos
728 2243 875 2316 moraturi
903 2274 961 2315 non
987 2255 1100 2330 Ciliciae
1120 2257 1231 2332 fauces,
1269 2255 1270 2258 ’

213 2358 245 2410 et
258 2350 400 2428 augustine
413 2350 573 2412 includunt.
617 2351 711 2410 Plane
724 2352 821 2410 omnia
841 2358 871 2410 et
889 2371 980 2428 prone
993 2358 1069 2410 sunt.
1112 2351 1150 2410 In
1166 2353 1230 2432 ipso

212 2446 312 2506 limine
339 2446 470 2506 uictoriae
496 2454 615 2506 stemus.
672 2446 764 2507 Pauci
790 2447 874 2508 nobis
901 2447 1029 2526 fugitivi,
1057 2454 1089 2504 et
1117 2447 1230 2506 domini

213 2542 260 2602 sni
272 2541 476 2610 interfectores
500 2549 665 2619 supersunt.
708 2543 727 2571 ¹²
738 2542 895 2620 Egregium
916 2541 1079 2600 mehercule
1101 2561 1185 2620 opus,
1200 2552 1230 2602 et

212 2637 288 2696 inter
311 2637 408 2714 prima
419 2636 522 2715 gloriae
534 2644 641 2696 veetrae
665 2637 883 2712 numerandum,
897 2637 1066 2714 posteritati
1086 2638 1228 2718 semenque

132 2732 351 2808 ,elcesaeum
376 2731 459 2791 Darii
479 2751 594 2811 quoque
617 2732 719 2808 hostie,
740 2732 821 2792 finito
842 2739 908 2810 post
929 2739 1053 2790 mortem
1073 2735 1139 2810 ejus
1153 2735 1226 2808 odio,

211 2829 372 2908 parricidas
393 2847 457 2888 esee
470 2847 523 2888 ros
542 2827 638 2903 ultos;
661 2828 804 2886 neminem
828 2828 948 2905 impium
970 2827 1105 2906 effugisse
1125 2847 1226 2888 manus

211 2932 331 2991 vestras.
361 2923 427 2982 Hoc
440 2929 615 3002 perpetrato,
626 2923 735 3000 quanto
746 2922 865 2982 creditis
875 2922 981 2982 Persas
989 2923 1226 3002 obsequentiores

211 3019 281 3092 fore,
295 3023 360 3077 cam
373 3018 581 3091 intellexerint,
591 3036 644 3077 ros
658 3017 707 3095 pis
717 3017 793 3077 belle
804 3017 958 3096 suscipere,
971 3024 1001 3075 et
1011 3017 1100 3078 Bessi
1114 3020 1225 3094 sceleri,

211 3131 269 3172 non
282 3112 391 3170 nomini
405 3131 457 3172 suo
472 3112 585 3172 irasci.”
938 3093 943 3106 ⁸
1140 3099 1144 3108 ’
1271 3119 1272 3122 ’

273 3205 331 3266 IV.
354 3210 379 3265 7.
402 3206 523 3266 Summt
536 3207 663 3266 militum
684 3206 842 3280 alacritate,
862 3207 1029 3285 jubentium
1042 3209 1224 3290 quecumque

211 3301 302 3364 vellet
325 3301 454 3376 duceret,
469 3303 561 3361 oratio
575 3309 696 3380 excepte
710 3309 762 3362 est.
806 3302 835 3360 N
837 3321 870 3361 ec
894 3303 962 3361 Rex
982 3311 1115 3362 moratus
1140 3306 1224 3383 impe·

212 3406 290 3475 tum;
313 3396 458 3476 tertioque
480 3417 533 3475 per
557 3396 736 3457 Parthienen
750 3397 798 3456 die
822 3396 860 3456 ad
884 3399 955 3456 lines
970 3397 1131 3476 Hyrcaniae
1145 3421 1225 3478 pene-

212 3500 290 3569 trat,
322 3491 443 3553 Cratero
467 3492 571 3551 relicto
590 3512 656 3550 cum
677 3493 713 3552 iis
734 3493 832 3570 copiis,
847 3493 953 3572 quibus
976 3501 1111 3571 praeerat,
1140 3503 1171 3554 et
1191 3499 1226 3554 et

211 3610 307 3664 mann,
328 3607 417 3667 quam
441 3588 587 3664 Amyntas
611 3587 745 3662 ducebat,
771 3588 879 3646 additis
904 3589 1048 3646 sexcentis
1069 3591 1227 3668 equitibus,
1271 3663 1272 3672 ἦ

194 3694 243 3746 ‘et
266 3685 390 3744 totidem
418 3683 586 3762 sagittariis,
614 3690 648 3740 nt
673 3683 709 3743 ab
737 3684 901 3742 incursione
930 3683 1130 3743 Barbararum
1158 3686 1226 3744 Par·

211 3781 331 3839 thienen
354 3786 493 3838 tueretur.
538 3777 693 3856 Erigyium
717 3777 932 3856 impedimenta,
953 3778 1065 3837 modico
1087 3782 1226 3856 praesidio

212 3875 290 3950 dato,
303 3873 457 3953 campestri
479 3873 583 3934 itinere
605 3873 711 3932 ducere
730 3873 821 3950 jubet
865 3873 934 3951 Ipse
954 3893 1019 3932 cum
1038 3874 1184 3958 phalange
1196 3884 1224 3936 et
