2592 4400
349 496 354 505 ,
388 440 510 481 ursan
539 439 611 479 v11.
643 440 729 517 os'r.
758 442 808 481 xr.
851 508 852 511 Ἴ
968 454 969 459 1
1048 426 1102 483 173

89 578 180 638 uictis
192 578 279 653 dam,
294 578 321 637 si
333 576 456 637 solerter
469 576 568 637 rimati
580 578 698 638 fueritis
711 578 809 639 aditus
830 580 956 640 ferentes
971 580 1008 639 ad
1021 600 1102 641 cacu-

90 692 164 731 meu
208 673 314 732 'Nihil
326 680 388 731 tam
401 673 460 731 alte
473 679 579 731 natura
591 674 749 748 constituit,
763 676 821 753 qud
834 675 927 735 virtus
940 694 998 734 non
1011 676 1105 753 possit

90 768 171 826 eniti
215 768 403 847 Experiendo
427 788 494 847 quae
516 768 615 827 caeteri
636 768 871 847 desperaverunt,
893 770 997 829 Asiam
1018 771 1104 830 habe

89 883 156 921 mus
170 864 202 921 iu
215 871 369 941 potestate,
412 864 540 923 Evadite
563 864 593 921 in
612 883 757 938 cacumen,
771 865 849 942 quod
871 870 935 923 oiim
957 867 1101 943 ceperitis,

90 958 224 1016 candidis
237 959 313 1018 velis
327 960 442 1037 siguum
465 959 536 1017 mihi
558 959 683 1017 dabitis:
705 978 767 1037 ego,
782 959 871 1035 copiis
891 960 1024 1035 admotis,
1039 962 1101 1020 hos·
1141 959 1143 963 ’

90 1061 152 1111 tem
165 1054 197 1111 iu
210 1073 263 1111 nos
285 1074 303 1112 a
316 1055 398 1113 vobis
420 1061 593 1113 convertam.
637 1053 797 1113 Praemium
810 1054 868 1112 erit
888 1054 916 1112 ei
928 1054 979 1133 qui
992 1056 1102 1133 primus

90 1148 278 1225 occupaverit
299 1148 445 1225 verticem,
467 1148 579 1207 talenta
601 1148 712 1207 decem.
764 1148 831 1208 Uno
852 1144 948 1207 ririnus
972 1150 1102 1227 accipiet,

89 1244 144 1321 qui
157 1243 308 1319 proximus
321 1243 349 1301 ei
362 1243 494 1301 venerit:
525 1242 684 1321 eademque
698 1242 736 1301 ad
751 1242 850 1301 decem
864 1243 996 1302 hominos
1010 1262 1102 1304 serva·

90 1338 174 1424 bitur
186 1337 307 1415 ‘portio
351 1335 470 1397 (lartum
478 1344 576 1395 autem
585 1337 686 1411 habeo,
696 1356 748 1396 vos
758 1358 813 1397 nou
828 1345 888 1397 tam
898 1338 1103 1398 liberalitatem

89 1432 202 1491 intueri
216 1451 317 1504 meam,
331 1431 636 1509 qudmroluntatem.”
664 1432 743 1491 'His
758 1433 860 1491 animis
881 1432 993 1510 Regem
1008 1434 1102 1493 audie-

88 1533 171 1601 runt,
185 1533 221 1584 ut
237 1528 300 1603 jam
320 1527 431 1603 cepisse
444 1526 581 1585 verticem
595 1526 781 1586 riderentur:
813 1528 981 1607 dimissique
995 1530 1103 1589 ferreos

89 1640 209 1696 cuneos,
223 1640 296 1699 quos
310 1620 387 1679 iuter
405 1620 484 1679 saxa
496 1621 659 1699 deligerent,
673 1622 842 1700 validosque
856 1624 939 1681 funes
953 1624 1101 1699 parabant.

89 1718 161 1777 Rex
183 1716 390 1774 circumvectus
413 1716 542 1789 Petram,
562 1716 621 1793 qud
642 1716 758 1775 minime
781 1736 864 1793 asper
884 1738 919 1777 ae
939 1727 1106 1795 praeruptus

89 1811 192 1869 aditus
213 1810 377 1885 videbatur,
400 1810 529 1868 secunda
549 1810 654 1889 vigilia
676 1809 785 1888 ⁸(quod
806 1812 879 1871 bend
901 1815 1041 1891 verteret)
1064 1814 1106 1870 in-

88 1906 177 1987 gredi
187 1905 281 1982 jubet.

152 2004 202 2059 41.
225 2000 285 2074 Illi,
300 2000 446 2059 alimentis
460 2001 491 2059 iu
503 2000 627 2060 biduum
648 2001 781 2077 sumptis,
796 2000 902 2080 gladiis
916 2001 1002 2060 modd
1017 2010 1105 2080 atque

89 2097 188 2156 hastis
208 2096 314 2154 armati
337 2095 434 2155 subire
459 2110 615 2172 ooeperunt.
659 2096 705 2153 Ac
724 2096 817 2173 primd
839 2096 963 2174 pedibus
984 2096 1106 2175 ingressi

90 2201 181 2254 sunt:
203 2189 318 2265 deinde,
341 2192 429 2250 utin
452 2177 795 2270 praeruptasspervensum
820 2200 875 2266 est,
900 2191 950 2250 alii
972 2192 1105 2252 manibus

91 2287 252 2349 eminentia
266 2305 337 2345 saxa
357 2286 500 2364 complexi
522 2287 656 2345 levavere
670 2295 770 2361 semet,
786 2287 837 2346 alii
860 2288 979 2364 adjectis
993 2289 1106 2347 funium

90 2383 205 2462 laqueis
219 2386 354 2458 erasere3
377 2383 445 2439 oiim
468 2401 574 2440 cuneos
588 2381 665 2440 inter
688 2401 759 2440 saxa
779 2383 935 2460 defigerent
949 2384 1030 2462 queis
1044 2403 1105 2460 gra

91 2481 147 2538 dus
161 2477 286 2536 subinde
311 2476 498 2534 insisterent:
519 2475 597 2534 diem
622 2477 700 2536 iuter
714 2483 823 2535 metum
846 2477 1029 2555 laboremqqe
1044 2497 1106 2537 con·

91 2579 287 2650 sumpserunt.
330 2571 389 2630 Per
403 2591 505 2648 aspera
518 2557 613 2629 enixis
626 2571 743 2630 duriora
762 2573 919 2646 restabant,
935 2579 965 2630 et
979 2593 1107 2632 crescere

90 2667 221 2728 altitudo
235 2667 334 2726 Petrae
346 2665 509 2733 ridebatur.
552 2665 612 2724 Illa
624 2667 694 2724 verb
708 2667 880 2726 miserabilis
905 2673 967 2725 erat
988 2669 1106 2742 ”facies

90 2769 159 2823 eum
183 2763 215 2837 ii,
229 2781 302 2840 quos
326 2761 472 2821 instabilis
492 2761 600 2840 gradus
623 2762 778 2836 fefellerat,
794 2781 831 2819 ex
853 2762 997 2839 praecipiti
1011 2761 1107 2820 derol-

90 2865 253 2932 vereptur:
275 2857 457 2916 mercedem
480 2857 511 2914 in
535 2875 567 2915 ss
579 2856 715 2934 patienda
729 2856 815 2914 alieni
836 2860 922 2914 oasds
937 2855 1108 2914 ostendebat

92 2953 272 3032 exemplum.
314 2952 374 3011 Per
387 2952 440 3010 bas
454 2959 550 3010 tamen
564 2951 750 3010 difficultates
763 2947 913 3008 enituntur
926 2951 957 3008 in
970 2950 1108 3009 verticem

91 3050 213 3123 montis,
236 3055 333 3106 omnes
357 3047 526 3126 fatigatione
549 3046 711 3105 continuati
734 3045 842 3104 laboris
862 3045 966 3120 affecti,
990 3046 1109 3125 quidam

91 3144 232 3206 mulctati
244 3150 327 3220 parte
340 3143 553 3218 membrorum3
575 3142 741 3220 pariterque
755 3159 804 3200 eos
818 3149 848 3200 et
867 3160 934 3216 nox,
949 3148 980 3200 et
992 3161 1108 3204 somnus
1190 3181 1192 3184 -

93 3239 249 3320 oppressit.
291 3237 401 3296 Stratis
422 3238 531 3313 passim
552 3236 722 3312 corporibus
747 3237 776 3294 in
799 3236 885 3295 inviis
899 3243 941 3296 et·
955 3237 985 3295 in
999 3238 1109 3314 asperis

93 3354 243 3408 saxorum,
257 3331 381 3410 periculi
404 3331 541 3390 instantis
555 3331 640 3390 obliti
665 3331 695 3388 iu
719 3331 812 3390 lucem
836 3333 1027 3409 quieverunt:
1049 3338 1108 3390 tan·

94 3433 221 3508 demque
241 3427 324 3487 velut
347 3445 385 3484 ex
409 3427 469 3485 alto
492 3445 593 3502 sopore
616 3426 745 3500 excitati,
760 3426 887 3485 occultas
908 3423 1110 3503 subjectasque

94 3527 169 3604 ipsis
193 3523 286 3583 valles
300 3523 318 3550 ¹⁰
327 3522 475 3596 rimantes,
490 3520 586 3599 ignari
607 3520 638 3578 in
661 3524 719 3598 qut
741 3527 823 3597 parte
848 3520 947 3579 Petrae
972 3527 1053 3576 tanta
1066 3518 1111 3576 vis

94 3622 225 3680 bostium
239 3617 358 3677 condita
381 3623 467 3689 esset,
481 3616 595 3674 fumum
616 3619 724 3693 specds
749 3617 825 3673 infra
839 3615 949 3692 seipsos
963 3612 1111 3672 evolutum

95 3721 279 3776 notaverunt.
323 3712 443 3790 Exque
457 3711 638 3769 intellectum
661 3717 714 3784 est,
730 3710 810 3768 illam
830 3709 956 3766 hostium
970 3707 1112 3766 latebram
1210 3748 1212 3752 ·

97 3831 169 3870 esse.
212 3809 320 3886 Itaque
332 3807 427 3865 hastis
448 3806 611 3882 imposuere
623 3803 702 3883 quod
716 3809 889 3864 convenerat
899 3802 1021 3879 signum,
1036 3807 1111 3860 toto·

96 3927 155 3989 que
167 3925 184 3966 e
197 3921 321 3964 numero
341 3902 415 3960 duos
439 3907 471 3960 et
493 3898 637 3978 tringinta
651 3898 681 3957 in
695 3916 815 3956 ascensu
834 3895 979 3956 interiisse
994 3913 1111 3976 cognos-
