2592 4400
198 365 255 427 ut
345 365 348 370 ⁴
543 384 684 437 uururr
714 386 856 429 oraru

193 900 239 963 ria
250 903 384 963 emunit
425 902 484 963 Sed
497 902 551 962 has
562 903 763 982 wgitationee,
777 904 829 963 hae
842 904 919 963 inter
939 924 969 965 se
989 904 1220 983 relinquentium
1268 897 1270 966 i

193 1015 287 1073 voees,
302 997 417 1077 signum
429 996 504 1057 tuba
516 996 617 1057 datum
629 998 701 1059 finit
744 998 781 1057 In
794 1018 861 1059 anos
873 998 993 1079 quiaque
1015 999 1137 1058 ordines
1159 1018 1220 1057 enr-

193 1092 301 1170 rimus3
324 1095 383 1153 ”at
394 1091 537 1172 quidquid
550 1092 660 1153 irarum
680 1093 711 1153 in
730 1093 914 1155 tabernaculo
934 1100 1103 1171 eoneeptmn
1120 1098 1179 1167 est,
1192 1091 1221 1150 in

194 1187 323 1247 hostium
344 1187 502 1247 effunditur
522 1187 626 1267 uapita
668 1188 819 1250 ”Utinam
843 1188 976 1250 Philotas
999 1208 1116 1268 quoque
1140 1188 1222 1247 intra

194 1282 283 1343 verba
295 1280 491 1359 pewtasat1”
711 1358 718 1369 ι

257 1377 416 1437 “Proinde
430 1377 468 1437 sd
480 1377 513 1437 id
525 1385 693 1455 praevortar,
706 1378 913 1458 propterquod
926 1379 969 1439 rei
983 1398 1090 1439 mmua
1137 1376 1221 1439 Ami-

195 1471 304 1546 citiam,
317 1493 383 1552 qua
395 1472 565 1536 nobiseum
586 1472 708 1533 Philota
728 1473 796 1549 fuit,
810 1474 829 1503 ¹¹
839 1472 912 1533 adad
934 1492 992 1533 non
1005 1492 1038 1533 eo
1052 1473 1222 1548 infitias,ut

195 1572 342 1645 expetisse
353 1586 465 1647 queque
477 1586 539 1642 nos,
553 1586 728 1648 magnusque
741 1587 777 1629 ex
790 1573 826 1627 et
839 1569 951 1629 duetus
971 1570 1136 1648 peraapisse
1158 1587 1221 1627 uon·

195 1663 288 1724 iitsar.
330 1663 463 1723 navare
485 1662 695 1738 Parmenionis,
709 1682 794 1743 quem
807 1664 862 1725 tibi
883 1664 1046 1743 proximum
1059 1683 1124 1723 eme
1139 1663 1220 1725 velu-

197 1759 259 1834 isti,
273 1759 374 1833 tilium,
387 1778 485 1819 omnes
497 1778 571 1837 pene
584 1758 690 1817 amieos
704 1766 769 1819 tuos
790 1758 957 1839 dignatione
970 1760 1147 1837 vincentem,
1163 1758 1221 1817 unl-

195 1863 259 1915 tum
272 1876 290 1915 a
301 1855 385 1917 nobis
398 1874 461 1915 essa
473 1854 613 1915 miraris?
654 1855 701 1915 Tu
721 1855 836 1915 heranle
863 1854 900 1932 (si
913 1874 1014 1915 verum
1035 1856 1140 1915 audire
1162 1854 1218 1931 vis)

196 1952 273 2027 Rex,
286 1952 374 2028 hujus
393 1950 476 2011 uobis
498 1950 620 2027 periculi
639 1968 726 2009 eausa
738 1968 777 2010 ea
821 1949 895 2021 Quis
918 1950 995 2009 enim
1015 1950 1090 2009 alius
1113 1949 1220 2022 effeait,

196 2054 230 2107 ut
251 2046 289 2105 ad
309 2039 456 2105 Philotam
469 2046 490 2075 '¹
501 2044 690 2121 denumerem,
705 2044 755 2123 qni
768 2044 879 2122 plaeere
892 2044 1000 2106 vellent
1014 2045 1094 2106 tibi?
1136 2047 1159 2075 ⁹
1169 2043 1219 2104 Ab

197 2140 248 2200 ille
262 2139 373 2216 traditi,
387 2140 425 2200 ad
438 2139 513 2199 hune
522 2138 645 2218 gradum
654 2138 790 2200 amicitiae
802 2146 861 2200 tuas
871 2138 1057 2200 ascendimus.
1092 2139 1127 2200 Is
1141 2136 1220 2218 apud

197 2244 228 2296 ts
240 2235 308 2310 fuit,
321 2237 406 2312 eujus
417 2235 544 2314 gratiam
556 2242 699 2313 expetere,
713 2242 743 2294 et
756 2235 829 2294 iram
848 2235 949 2296 timere
969 2255 1124 2313 possemus
1169 2234 1218 2294 An

196 2349 255 2390 non
265 2329 471 2407 propemodum
485 2329 515 2387 in
527 2329 547 2358 '⁴
557 2335 608 2388 tua
619 2329 707 2390 rerba
721 2331 765 2389 tui
778 2349 885 2406 omnes,
900 2331 921 2360 ¹⁵
930 2338 959 2389 te
972 2337 1127 2408 praeeunte,
1139 2333 1218 2408 jura·

198 2425 303 2500 vimus,
317 2424 433 2484 eosdem
445 2443 498 2484 nes
512 2423 644 2484 inimicos
658 2424 819 2503 amicaeque
838 2425 987 2486 habituros
1006 2444 1077 2501 asse,
1091 2445 1166 2504 quos
1185 2430 1218 2481 tu

199 2519 342 2579 haberes?
363 2520 384 2548 ¹⁸
394 2519 449 2578 hoe
462 2526 640 2578 saerameuto
653 2519 916 2596 pietatis-obstricti
930 2539 1128 2582 aversaremur
1142 2518 1217 2580 acili-

198 2621 253 2690 oet,
266 2634 350 2693 quem
362 2621 397 2674 tu
409 2615 543 2675 omnibus
561 2613 756 2692 praeferebas?
796 2612 894 2694 Igitur
913 2615 938 2676 ai
958 2613 1013 2674 hoe
1033 2615 1143 2674 crimen
1164 2619 1215 2686 est,

199 2718 234 2771 tu
254 2729 358 2788 mneos
378 2709 545 2769 innoeentes
565 2709 661 2782 habes,
690 2708 747 2766 imo
772 2706 888 2767 hercule
914 2708 1064 2770 neminem.
1109 2708 1216 2795 Omnes

198 2806 276 2868 enim
299 2805 428 2866 Philotae
447 2805 532 2864 amici
552 2823 614 2864 esse
635 2803 805 2864 voluerunt:
826 2803 877 2862 aed
899 2804 1028 2879 totidem,
1050 2811 1121 2882 quot
1142 2803 1215 2866 vole

199 2903 280 2977 bant,
293 2921 425 2962 essenon
437 2906 577 2980 poteraut
618 2898 671 2958 Ita
685 2898 710 2958 si
724 2918 742 2958 a
755 2898 875 2958 eoneeiis
895 2899 1000 2958 amieos
1019 2918 1078 2958 non
1099 2897 1214 2970 dividia,

198 3017 251 3056 nea
263 2997 302 3058 ab
315 2997 416 3056 amieis
428 2995 543 3074 quidem
551 2993 700 3071 separabis
713 2993 789 3068 illos,
799 2993 850 3072 qui
864 2993 954 3052 iidem
963 3011 1025 3052 esse
1033 2989 1214 3054 νοὶιιοιηιιιιἰ

260 3094 278 3126 “
289 3090 376 3161 Quod
392 3089 486 3168 igitur
506 3089 687 3150 eonseientiae
712 3089 831 3149 affertur
853 3087 1015 3148 indicium?
1044 3095 1079 3147 ut
1104 3089 1213 3167 opinor,

198 3185 269 3265 qnia
281 3186 375 3264 pridie
388 3184 580 3259 familiariter,
593 3192 625 3242 et
638 3183 701 3242 aine
722 3183 846 3258 arbitris,
861 3183 973 3242 loeutus
994 3190 1038 3242 sat
1060 3183 1214 3244 nobiseum.
1268 3179 1269 3206 ³

200 3283 247 3342 Aa
259 3300 312 3360 ego
325 3297 450 3358 purgare
462 3298 520 3338 non
532 3297 655 3357 possem,
671 3278 697 3337 si
710 3278 805 3357 pridie
818 3277 972 3357 quicquum
985 3297 1022 3336 ex
1033 3285 1134 3340 vetere
1154 3279 1215 3339 vita

201 3398 235 3438 ae
248 3395 328 3438 more
340 3376 505 3435 mutassem.
536 3373 621 3432 Nune
634 3375 711 3448 verd,
726 3374 761 3450 si,
775 3379 809 3434 ut
821 3373 951 3434 omnibus
965 3372 1073 3449 diebus,
1084 3372 1137 3432 illo
1149 3392 1216 3454 que

180 3493 266 3554 aque,
278 3472 330 3552 qui
342 3476 492 3548 suspectus
506 3475 559 3543 est,
573 3468 702 3544 ierimus,
713 3468 886 3528 consuetudo
899 3467 991 3526 diluet
1005 3467 1140 3528 erimeu’'

263 3556 350 3630 “'Sed
362 3583 450 3644 equos
463 3563 627 3642 Antiphani
639 3582 697 3622 nou
711 3561 860 3639 dedimus;
883 3570 913 3622 et
926 3562 1020 3640 pridie
1040 3564 1129 3640 quim
1149 3563 1217 3622 Phi·

202 3667 278 3728 lotas
291 3664 422 3724 detentus
435 3667 487 3734 sat,
507 3661 599 3719 ”heo
610 3658 682 3717 mihi
703 3678 766 3717 eum
787 3657 954 3734 Antiphane
974 3677 1020 3716 ree
1041 3657 1119 3717 erati
1163 3657 1218 3730 Qui

204 3761 231 3822 si
242 3778 295 3818 nes
308 3763 457 3835 suspectos
466 3754 560 3812 faeere
573 3753 647 3826 ruit,
661 3752 738 3829 qudd
753 3752 803 3811 ille
817 3752 863 3810 die
877 3771 966 3831 equos
979 3771 1035 3810 non
1045 3752 1218 3828 dederimus,

205 3854 401 3932 semetipsam,
414 3849 491 3929 qued
504 3867 552 3908 ees
565 3847 750 3922 desideravit,
764 3865 889 3926 purgare
901 3865 959 3906 non
971 3847 1087 3924 poterit
1130 3849 1152 3878 ²⁸
1162 3851 1218 3908 An·

149 560 153 567 >
195 520 397 601 ‘magnai
410 520 581 583 nel-ae·
592 522 743 585 masna
757 530 811 587 aa.
852 524 902 587 ae
915 544 1014 585 omna
1027 524 1216 585 mmm
1272 488 1273 533 ¹

192 624 264 695 patu
282 617 430 695 rapimnr3
450 617 657 696 vituperamus,
679 619 838 697 laudamus,
860 621 1038 695 miseremur,
1053 621 1216 697 iramimar,

192 719 348 791 utrumque
370 731 498 790 praesens
521 713 613 773 movit
635 713 770 775 affsotioz
801 714 887 775 mode
915 714 1030 775 Indiam
1064 716 1164 789 adire,
1191 722 1218 773 at
1265 760 1268 781 ,

196 805 344 867 Ousaaum
356 806 438 882 libet,
451 808 536 867 modd
549 810 705 888 eonjugam
719 816 750 869 et
763 809 920 871 liberorum
932 810 1092 889 patriaque
1114 828 1218 869 mame
1268 840 1269 891 ;
