2592 4400
378 413 503 454 nisan
529 406 628 453 vnn·
651 410 738 453 aar.
770 412 814 454 11.
1047 392 1099 453 181

87 554 173 628 tium,
188 572 207 611 a
229 572 276 612 me
297 553 374 611 inter
394 542 494 629 epulas
515 552 628 611 ooeisua
651 558 703 613 est
745 550 810 623 Quo
829 570 904 609 nuno
925 568 956 610 se
975 550 1103 609 eonferet

87 648 219 708 misera?
259 649 278 676 ¹²
287 646 430 708 Omnibus
443 649 506 723 ejus
526 666 601 706 unus
620 665 781 723 supersum,
795 666 879 725 quem
901 645 993 704 solum
1012 638 1103 723 aquis

90 743 187 803 oeulis
200 742 300 803 videre
312 761 370 801 non
390 741 505 820 poterit.
547 741 589 801 Et
610 760 671 821 ego,
687 750 865 801 servatorum
878 760 1006 800 meorum
1018 740 1102 814 latro,

89 846 220 897 revertar
233 838 264 894 in
276 836 409 914 patriam,
420 842 454 895 ut
474 855 510 894 ne
531 834 661 895 dextram
674 835 788 915 quidem
811 836 928 910 nutrioi,
944 836 1033 895 1¹siue
1046 854 1104 893 me-

90 932 184 991 moria
198 932 370 991 calamitatis
383 934 456 1007 ejus,
470 931 573 990 offerre
595 931 704 1008 possim
717 930 723 989 1
734 932 750 962 ''
792 930 834 989 Et
855 933 922 989 oiim
935 931 1001 989 finis
1014 931 1103 1007 laery-

90 1028 148 1085 mis
160 1026 341 1107 querelisque
354 1045 412 1084 non
425 1027 516 1101 fieret,
527 1028 612 1102 jussu
624 1026 779 1085 amisorum
792 1044 896 1102 eorpus
910 1025 1037 1085 ablatum
1051 1031 1103 1083 est

90 1122 160 1181 Rex
172 1122 299 1179 triduum
317 1121 410 1197 jaeuit
432 1120 568 1179 inclusus.
589 1166 591 1170 .
611 1119 703 1191 Quem
716 1128 750 1179 ut
774 1120 910 1199 armigeri
922 1119 1105 1197 corporisque

91 1216 225 1277 custodes
238 1216 276 1275 ad
287 1216 466 1275 moriendum
478 1215 653 1275 obstinatum
675 1234 736 1275 esse
758 1221 960 1294 eognovorunt,
980 1212 1105 1274 universi

91 1332 123 1370 in
136 1311 352 1371 tabernaculum
373 1310 545 1387 irrumpunt,
559 1311 664 1388 diuque
685 1311 817 1389 preoibus
838 1311 965 1388 ipsorum
984 1310 1105 1369 relucta·

92 1415 157 1465 tum
179 1408 257 1484 aegre
270 1406 403 1466 vicerunt
422 1412 456 1463 ut
479 1405 575 1464 eibum
595 1412 716 1483 asperet.
759 1406 877 1485 Quoque
900 1406 997 1465 minuis
1018 1404 1106 1463 eaedis

91 1501 225 1579 puderet,
243 1502 309 1576 jure
321 1498 506 1557 interfeotum
520 1498 630 1559 Clitum
654 1486 825 1559 Maoedones
839 1501 1001 1575 deeernuut,
1015 1498 1106 1577 sepul·

36 1648 39 1651 ,
93 1600 163 1654 tura
176 1614 287 1673 quoque
307 1594 491 1671 prohibituri,
504 1594 535 1651 ni
547 1593 623 1653 Rex
636 1595 749 1653 humari
759 1596 900 1671 jussisset.
943 1595 1039 1673 Igitur
1058 1593 1107 1652 de·

93 1710 157 1749 aem
180 1690 290 1764 diebus,
307 1689 459 1747 ¹‘mimimo
481 1688 520 1747 ad
539 1688 761 1749 confirmandum
783 1692 929 1767 pudorem,
944 1689 1020 1767 apud
1044 1689 1107 1747 Ma

93 1784 220 1843 raeanda
257 1784 441 1861 consumptis,
474 1803 540 1842 oum
572 1791 656 1861 parte
689 1784 835 1843 exereitus
868 1784 1106 1861 Hephaestionem

95 1880 126 1937 in
147 1878 293 1958 regionem
313 1878 500 1937 Bactrianam
521 1878 612 1954 misit,
625 1885 800 1937 eommeatus
824 1880 855 1937 iu
876 1879 1007 1956 hyemem
1026 1897 1107 1955 para·
1201 1906 1212 1945 γ

95 1982 204 2033 turum.
246 1972 339 2043 Quam
353 1973 431 2034 Olito
444 1980 540 2033 autem
561 1973 753 2034 destinaverat
773 1974 957 2052 provinoiam,
971 1974 1108 2051 Amyntae

97 2069 190 2127 dedit.

156 2168 185 2225 9.
206 2163 276 2242 Ipse
299 2162 435 2242 Xenippa
457 2162 597 2242 pervenit
650 2150 780 2242 ,Scythiae
807 2163 923 2223 oonfinis
949 2169 993 2222 est
1019 2164 1107 2244 regio,

96 2260 304 2338 habitaturque
326 2259 458 2336 pluribus
488 2277 523 2316 ao
552 2253 750 2337 frequentibus
775 2259 864 2337 viais3
899 2259 967 2338 quia
992 2260 1108 2320 ubertas

97 2362 184 2414 terrae
206 2374 265 2414 non
287 2354 437 2432 inthigenas
457 2354 543 2412 modo
557 2353 675 2429 detinet,
689 2355 738 2414 sed
759 2355 847 2414 etiam
859 2355 982 2416 advenas
996 2355 1106 2416 invitat

78 2439 320 2510 ¹Baetriauorum
342 2449 468 2522 exulum,
490 2449 541 2528 qui
563 2449 600 2509 ab
622 2449 790 2509 Alexandro
817 2449 988 2526 deiecerant,
1014 2470 1109 2528 reoep-

99 2545 227 2604 taeulum
253 2545 356 2604 iuerat.
410 2544 469 2604 Sed
494 2547 646 2622 postquam
669 2545 780 2624 Regem
807 2545 963 2606 adventare
984 2565 1109 2624 oomper·

100 2649 162 2699 tum
176 2647 231 2714 est,
244 2639 322 2717 pulsi
345 2638 382 2699 ab
404 2639 507 2697 ineolis
520 2639 577 2698 duo
589 2639 682 2698 millia
702 2639 762 2698 ferd
783 2646 820 2698 et¹
834 2641 949 2700 ducenti
971 2641 1109 2720 ¹⁵oongre·

98 2743 213 2815 gantur.
276 2733 384 2796 Omnes
416 2734 527 2812 equites
555 2741 645 2808 erant,
674 2723 776 2794 etiam
791 2736 822 2792 iu
851 2755 921 2812 paee
951 2735 1109 2798 latrociniis

100 2829 218 2890 assueti.
260 2829 335 2888 Tum
358 2814 463 2887 ferocia
483 2829 600 2907 ingenia
620 2848 678 2888 non
701 2829 809 2889 bellum
831 2830 924 2904 modo,
946 2829 997 2888 sed
1023 2831 1110 2888 etiam

101 2926 194 2986 veniae
222 2925 383 3002 desperatio
403 2924 582 2984 'efferaverat
636 2924 738 3003 Itaque
771 2943 807 2982 ex
834 2923 988 3002 inproviso
1015 2925 1130 2985 adorti.

102 3022 261 3099 Amyntam
274 3019 435 3078 Praetorem
448 3019 618 3094 Alexandri,
633 3020 683 3078 dit
707 3039 809 3096 anoeps
830 3019 961 3097 praelium
973 3021 1109 3081 feserunt.
1147 3041 1149 3050 ’

102 3117 152 3175 Ad
173 3115 313 3173 ultimum*
329 3114 517 3192 septingentis
538 3133 656 3173 suorum
677 3115 799 3189 amissis,
812 3135 932 3195 quorum
953 3117 1112 3178 coehosais

99 3213 186 3289 oepit,
200 3210 306 3269 dedere
326 3217 408 3288 terga
420 3210 578 3270 viatoribus
598 3210 677 3268 baud
691 3213 759 3269 sane
779 3211 884 3271 inulti:
904 3212 1008 3291 quippe
1032 3231 1110 3272 nxxx

101 3307 295 3368 Macedonum
315 3305 531 3380 interimerunt,
545 3313 709 3386 praeterque
730 3325 779 3366 eos
800 3308 919 3366 treoeuti
934 3317 964 3368 et
977 3309 1111 3388 quinqua·

99 3403 183 3482 ginta
206 3401 298 3458 sauoii
320 3401 391 3458 faeti
408 3407 498 3460 aunt:
519 3401 631 3460 veniam
652 3407 748 3460 tanim
772 3403 860 3460 otiam
880 3411 947 3480 post
969 3405 1113 3462 ²⁰alteram
1229 3447 1232 3454 .

101 3497 289 3557 defectionem
296 3495 530 3579 impetraverunt.
561 3495 620 3554 His
633 3495 762 3555 infidam
772 3497 905 3574 aeoeptis,
916 3497 947 3555 in
960 3497 1111 3575 regionem,

100 3612 185 3670 quam
208 3591 354 3648 Nautaca
375 3589 529 3667 appellant,
552 3577 697 3650 Rex'cum
719 3597 780 3649 toto
795 3592 922 3650 exereitu
934 3590 1020 3650 venit
1063 3590 1112 3650 Sa·

101 3695 198 3764 trapes
222 3691 286 3755 erut
309 3683 505 3762 Sysimithres,
519 3683 629 3744 dnobus
653 3703 690 3742 ex
711 3691 764 3744 sua
786 3692 878 3744 matre
901 3685 968 3742 filiis
990 3684 1111 3762 genitis:

100 3783 206 3859 quippe
229 3778 307 3856 apud
328 3797 378 3837 eos
398 3777 569 3856 parentibus
589 3786 691 3855 stupro
704 3779 781 3837 eoire
802 3798 867 3836 oum
888 3778 987 3838 liberis
1000 3778 1045 3836 ias
1058 3785 1111 3838 est

103 3879 119 3906 ¹⁷
129 3877 171 3952 Is,
184 3875 304 3938 amatu
316 3873 512 3952 popularibus,
525 3874 623 3934 fantes
644 3874 777 3953 regionis,
791 3875 850 3952 qut
869 3873 902 3932 in
922 3874 1114 3934 aretissimum
