2592 4400
384 421 507 462 airus
534 421 603 463 vn.
632 422 718 461 aar.
747 423 798 464 ix.
1045 407 1100 465 tce
1159 436 1162 442 ·

74 556 156 620 banc
169 558 298 637 speciem
312 559 385 638 ripis
398 558 578 636 presidentis
587 560 741 635 exercitiis,
750 561 851 640 ingens
860 561 1029 641 navigantes
1042 569 1099 622 ter-

75 675 130 716 ror
158 655 316 714 invaserat.
359 653 491 732 Namque
517 651 874 734 cursum'gubernatores,
896 661 959 714 cim
982 657 1100 735 obliquo

75 749 200 809 flumine
228 748 455 825 impellerentur,
483 767 580 827 regere
607 768 665 808 non
690 756 842 827 poterant:
876 751 1099 830 vacillantesque

75 845 202 918 milites,
218 849 248 902 et
265 863 302 901 ne
322 850 524 902 excuterentur
544 833 670 917 solliciti,
685 851 840 902 naumrum
857 845 1098 910 ministeriatur·

76 939 232 1002 beverme
282 937 330 996 Ne
352 937 411 996 tela
434 936 561 1016 quidem,
585 936 698 998 'musti
720 938 797 1013 nisu,
820 936 935 998 vibrare
956 945 1098 1016 poteraut,

77 1034 151 1092 eiun
164 1034 247 1112 prior
264 1033 361 1092 standi
375 1031 438 1090 sine
458 1033 595 1110 periculo,
609 1033 697 1111 quim
716 1033 828 1092 bostem
847 1032 1015 1108 incessendi,
1029 1054 1099 1093 cura

78 1135 167 1188 esset
211 1128 368 1187 Tormenta
381 1128 469 1186 saluti
482 1127 609 1202 suerunt,
622 1127 729 1206 quibus
742 1127 773 1185 in
787 1128 931 1187 confertos
944 1147 978 1186 ac
991 1131 1098 1188 temere

78 1245 112 1285 se
127 1224 283 1284 offerentes
296 1222 375 1281 haud
386 1223 496 1282 frustra
510 1241 630 1282 excussa
649 1229 718 1282 sunt
736 1223 803 1283 tela
844 1222 968 1283 Barbari
986 1217 1099 1302 quoque

77 1319 233 1398 ingentem
259 1317 320 1377 vim
347 1317 520 1396 sagittarum
546 1317 678 1375 infudere
702 1317 823 1378 ratibus.
865 1317 981 1396 Vixque
1006 1319 1099 1377 ullum

77 1414 142 1474 fuit
154 1420 280 1487 sentum,
293 1412 370 1490 quod
382 1431 439 1470 non
453 1410 583 1488 pluribus
596 1411 683 1469 simul
695 1411 813 1488 spiculis
825 1412 1026 1490 perforaretur.

143 1512 193 1567 35.
216 1508 341 1584 Jamque
354 1513 441 1564 terrae
452 1511 530 1563 retes
544 1504 769 1582 applicabantur,
782 1508 851 1564 edm
869 1507 948 1565 acies
966 1508 1099 1586 clypeata

77 1601 241 1680 consurgit,
252 1607 282 1659 et
294 1601 392 1658 hastas
399 1606 482 1658 certo
495 1600 564 1675 ictu,
579 1599 697 1677 *utpote
710 1599 804 1660 libero
816 1599 890 1676 nisu,
901 1601 994 1659 mittit
1003 1622 1020 1660 e
1029 1601 1098 1692 rpti·

77 1699 145 1760 bus
190 1696 233 1756 hit
250 1702 285 1754 ut
299 1695 432 1754 ⁵territos
452 1694 679 1773 recipientesque
692 1714 780 1773 equos
793 1695 901 1770 videre,
916 1697 1024 1756 alacres
1037 1717 1096 1754 mn

78 1797 136 1852 tua
151 1789 352 1850 adhortatione
366 1789 397 1846 in
409 1796 516 1848 terram
529 1789 670 1848 desiliere.
711 1789 868 1850 ‘Turbatis
880 1791 985 1848 aeriter
996 1791 1098 1868 pedem

78 1887 189 1946 inferre
202 1890 355 1962 eoeperunt.
398 1883 539 1962 Equitum
560 1883 664 1942 deinde
684 1890 796 1959 turmae,
809 1904 875 1961 quas
893 1885 1030 1944 fraenatos
1049 1885 1098 1943 ha·

78 1982 190 2042 babent
209 1998 307 2058 equos,
329 1978 493 2056 perfregere
513 1978 701 2038 barbarorum
719 1978 816 2038 aciem.
857 1978 981 2037 Interim
1000 1979 1099 2039 caeteri

79 2075 200 2154 agmine
213 2073 409 2132 dimicantium
423 2073 494 2130 teeti
508 2075 645 2148 aptavere
659 2091 691 2130 se
704 2092 816 2151 pugnae
858 2072 927 2149 Ipse
936 2073 1012 2148 Rex,
1021 2073 1096 2152 quod

79 2169 192 2249 vigoris
204 2186 283 2247 aegro
304 2167 397 2227 adhue
417 2166 528 2245 corpori
550 2167 658 2244 deerat,
671 2167 761 2227 animi
779 2167 918 2227 firmitate
936 2169 1095 2247 supplebat

81 2267 153 2325 Vox
176 2264 355 2324 adhortantis
378 2282 436 2321 nou
458 2270 572 2341 poterat
597 2263 702 2338 audiri,
720 2262 846 2324 nondum
870 2264 944 2324 bene
970 2264 1097 2324 obducta

80 2360 217 2420 cicatrice
239 2358 374 2418 cervicis:
402 2358 453 2417 sed
478 2359 663 2418 dimicantem
688 2360 791 2443 cuncti,
806 2359 950 2420 videbant
992 2360 1097 2439 Itaque
1141 2428 1147 2437 .

82 2456 139 2532 ipsi
152 2453 268 2533 quidem
282 2452 385 2511 meum
405 2452 599 2531 fungebantur
612 2452 718 2513 officio:
738 2453 870 2531 aliusque
887 2454 976 2513 alium
995 2455 1097 2513 adhor-
1114 2463 1116 2466 '

81 2549 138 2607 tati
152 2549 182 2606 in
197 2548 319 2621 hostem,
334 2546 437 2606 salutis
450 2547 635 2620 immemores,
645 2566 728 2605 ruere
741 2554 896 2624 coeperunt.
937 2548 1014 2606 Tum
1026 2550 1096 2607 verb

81 2662 139 2703 uon
161 2662 222 2715 ora,
236 2660 293 2699 non
315 2661 402 2715 arma,
425 2660 483 2699 uon
505 2641 658 2708 clamorem
677 2641 805 2700 hostium
827 2641 953 2700 Barbari
972 2641 1097 2701 tolerare

81 2744 247 2815 potuerunt,
262 2754 415 2814 omnesque
428 2718 544 2795 ⁷eliusie
564 2735 683 2795 habenis
704 2736 837 2813 (namque
857 2735 998 2813 equestris
1020 2736 1096 2795 acies
1209 2728 1212 2736 ’

82 2836 157 2912 erat)
172 2838 327 2910 capessunt
345 2832 463 2909 fugam:
483 2850 554 2909 quos
568 2830 642 2905 Rex,
657 2830 833 2909 ‘quanquam
852 2830 1034 2889 vexationem
1053 2830 1097 2888 in·

81 2928 176 2989 validi
198 2925 326 3003 eorporis
348 2926 410 3003 pati
431 2944 487 2983 non
508 2932 628 3002 poterat,
643 2944 694 3001 per
716 2924 863 3001 octoginta
884 2931 982 2984 tamen
1002 2925 1098 2985 stadia

81 3022 197 3101 insequi
209 3012 409 3098 perseveravit.
451 3020 587 3099 Jamque,
601 3020 747 3097 linquente
760 3019 866 3093 animo,
877 3018 938 3076 suis
946 3021 1094 3098 praecepit,

81 3126 125 3193 ut,
146 3118 237 3177 donec
257 3114 331 3173 lueis
352 3114 462 3193 aliquid
486 3121 656 3191 superesset,
670 3114 844 3193 fugientium
865 3114 955 3193 tergis
976 3116 1096 3177 inhaere·

81 3220 154 3273 rent
196 3212 274 3287 Ipse,
288 3210 436 3269 exhaustis
449 3210 537 3269 etiam
550 3209 640 3268 animi
655 3209 776 3284 viribus,
787 3209 817 3267 in
830 3216 927 3268 cestra
935 3229 967 3269 se
976 3214 1095 3290 recepit,

82 3309 181 3387 ibique
192 3305 331 3366 substitit.
375 3306 561 3364 Transierant
571 3306 631 3381 jem
646 3304 749 3363 Liberi
762 3306 853 3383 patris
867 3307 1014 3382 terminos,
1028 3327 1096 3385 quo·

82 3424 146 3463 rum
159 3407 344 3461 monumenta
357 3400 468 3478 lapides
481 3408 564 3459 erant
577 3399 686 3459 crebris
706 3398 868 3459 intervallis
881 3401 1030 3478 dispositi;
1052 3422 1095 3461 ar·

81 3499 222 3575 heresque
249 3514 383 3572 procerae,
401 3514 523 3573 quarum
550 3493 664 3571 stipites
690 3493 797 3553 hedera
820 3503 996 3555 contexerat
1037 3495 1096 3555 Sed

83 3591 258 3653 Macedones
279 3590 325 3648 ira
344 3590 459 3667 longius
478 3590 629 3665 provexit:
650 3589 755 3666 quippe
768 3588 864 3647 media
884 3590 946 3668 fere
966 3590 1095 3650 noete'in

82 3693 179 3747 caetra
202 3684 358 3757 redierunt,
379 3683 481 3742 multis
504 3682 672 3757 interfectis,
685 3683 819 3759 pluribus
840 3684 942 3760 captis,
956 3702 1096 3761 equosque

82 3800 181 3841 snoec
203 3779 333 3857 abegere.
376 3777 549 3837 Ceciderunt
572 3784 669 3835 autem
692 3777 883 3836 Macedonum
900 3776 1012 3854 equites
1034 3796 1096 3844 sex·

82 3877 189 3955 aginta,
202 3872 315 3951 pedites
328 3872 444 3931 eentum
456 3872 534 3931 fere·
556 3871 636 3929 mille
650 3872 739 3931 saucii
752 3871 877 3955 fumum,

242 3971 261 4025 8
