2592 4400
429 439 551 492 nonnos
577 445 630 485 ιν.
661 444 747 485 can.
779 445 822 484 11.
892 462 895 466 ⁴
1093 427 1132 484 37

114 587 228 649 bantur.
235 603 253 634 c
271 585 328 647 Sed
341 585 450 645 leviora
463 584 540 644 inter
558 583 626 646 illos
638 582 722 642 fuere
735 583 921 643 discrimina:
942 582 961 612 ‘⁸
969 601 1060 641 unum
1073 601 1132 641 oer-

115 690 222 756 tanen,
236 701 272 740 ex
285 701 341 760 quo
354 687 457 740 eaetera
469 677 641 757 pendebant,
656 678 786 737 intuente
798 679 924 737 fortune.
1176 748 1182 762 .

21 779 113 842 ΛΠ·
178 777 222 837 II.
246 781 270 836 7.
292 777 370 836 ‘Jam
396 782 458 834 tota
485 774 579 853 Syria,
607 775 668 851 jam
695 774 831 833 Phoenice
856 793 977 852 quoque,
1011 777 1131 849 excepta

117 873 205 951 Tyro,
222 871 410 930 Macedonum
432 877 511 929 erat:
533 869 713 946 habebatque
734 869 801 928 Rex
813 877 908 927 castra
920 869 951 926 in
964 868 1129 943 continenti,

116 991 134 1028 a
147 987 203 1047 quo
217 968 318 1028 urbem
332 973 484 1045 angustum
503 965 753 1024 fretumrdirimit.
795 963 892 1042 Tyrus
905 972 935 1024 et
947 965 1081 1024 claritate
1101 973 1131 1023 et
1226 998 1283 1019 Α

7 1059 11 1066 ’
116 1065 313 1144 magnitudine
340 1071 406 1122 ante
436 1081 532 1122 omues
565 1062 650 1121 urbes
678 1061 772 1138 Syriae
798 1061 1002 1140 Phoenicesque
1028 1082 1130 1120 memo·

6 1188 10 1195 ·
115 1160 227 1235 rabilis,
238 1159 354 1218 la'cilirls
365 1158 529 1218 societatem
541 1157 704 1216 Alexandri
713 1163 863 1234 acceptura
872 1155 1033 1233 videbatur]
1041 1161 1134 1236 quim
1148 1165 1183 1240 ,θ’

32 1265 104 1324 sce
115 1256 275 1334 imperium.
318 1254 460 1332 Coronam
482 1253 708 1340 igiturrauream
729 1253 820 1331 legati
841 1254 945 1312 donum
965 1255 1128 1329 afferebant,

116 1357 346 1427 commeatusque
373 1349 453 1426 large
480 1355 510 1406 et
536 1347 721 1425 hospitaliter
747 1368 784 1406 ex
812 1349 915 1426 oppido
945 1349 1127 1408 advexerant.

115 1445 175 1504 Ille
196 1443 279 1518 done,
293 1450 326 1500 ut
349 1443 385 1503 ab
407 1442 516 1516 amieis,
530 1435 619 1518 accipi
637 1442 735 1518 jussit,
750 1443 925 1522 benigneque
937 1443 1047 1522 legatos
1060 1445 1129 1502 allo-

114 1546 209 1631 cutus,
224 1539 355 1613 Herculi,
369 1557 453 1624 quem
475 1538 617 1614 ppeecipue
633 1537 716 1614 Tyrii
736 1538 870 1613 colerent,
885 1540 1043 1598 sacrificare
1056 1540 1129 1599 velle
1201 1606 1211 1618 ἱ

18 1634 20 1638 ’
115 1655 147 1694 se
170 1635 264 1693 dixit:
288 1633 477 1692 Macedonum
499 1633 593 1712 Reges
607 1633 723 1692 eredere
745 1633 782 1693 ab
800 1634 852 1691 illo
866 1634 929 1692 Deo
943 1635 1020 1712 ipsos
1039 1655 1129 1714 genus
1154 1627 1181 1686 *³

37 1725 238 1790 slsduoere:
259 1748 290 1788 se
311 1723 387 1804 berb,
399 1735 441 1786 'ut
461 1728 493 1792 id
513 1728 627 1803 faceret,
651 1728 739 1786 etiam
758 1729 871 1787 oraculo
884 1731 1033 1812 monitum
1075 1730 1129 1788 Le-

113 1826 179 1906 gati
200 1824 380 1903 respondent,
403 1843 465 1882 esse
488 1825 626 1900 templum
651 1823 787 1882 Herculia
812 1831 895 1882 extra
914 1824 1026 1899 urbem,
1041 1824 1072 1882 in
1093 1830 1129 1884 ea

114 1921 184 1980 sede
207 1940 292 1998 quam
316 1919 480 1996 Palaetyron
502 1918 558 1996 ipsi
577 1925 699 1977 vocant:
728 1918 776 1977 Ibi
799 1918 912 1998 Regem
933 1918 995 2000 Deo
1016 1938 1129 1978 sacrum

34 2025 62 2092 j
115 2017 175 2076 rite
202 2016 353 2073 facturum.
396 2012 463 2072 Non
484 2013 578 2072 tenuit
601 2013 674 2072 iram
698 2013 873 2088 Alexander,
897 2017 980 2092 cujus
1003 1997 1129 2093 ahoquin

27 2130 36 2154 r
115 2115 238 2189 ¹potens
251 2129 309 2168 non
323 2115 392 2169 erat.
434 2109 565 2188 'Itaque
589 2113 606 2144 “
619 2109 682 2168 Vos
700 2109 851 2188 ·quidem,'²
872 2109 975 2188 inquit,
997 2111 1185 2169 “fiducia.·
1219 2136 1221 2138 v

39 2207 183 2287 llllloci,
196 2206 273 2285 qubd
297 2206 420 2285 insulam
443 2205 581 2279 incolitis,
594 2206 759 2282 pedestrem
778 2206 854 2265 hunc
874 2206 1031 2267 exercitum
1047 2226 1128 2285 sper·

1 2362 2 2365 ,
113 2304 204 2380 uitis:
227 2302 277 2361 sed
299 2302 380 2361 brevi
401 2302 558 2376 ostendam,
583 2302 613 2359 in
637 2302 795 2364 continenti
814 2323 867 2365 vos
886 2323 957 2363 esse.
1000 2283 1128 2364 Prhnoa

114 2399 217 2459 sciatis
240 2398 317 2473 licet,
342 2404 393 2455 aut
416 2398 590 2455 intraturum
609 2416 655 2455 me
674 2398 785 2473 urbem,
796 2379 1128 2477 aut'oppugnaturumst'

115 2493 190 2573 Qum
203 2494 256 2553 hoo
269 2512 404 2570 responso
419 2492 552 2551 dimissos
566 2512 680 2552 monere
693 2494 778 2552 amici
791 2502 946 2571 coeperunt,
960 2503 993 2553 ut
1007 2495 1127 2573 Regem,

112 2610 199 2669 quem
227 2589 322 2668 Syria,
349 2608 432 2668 quem
459 2588 596 2647 Phoenice
623 2590 786 2666 recepisset,
814 2590 870 2667 ipsi
896 2610 1008 2669 quoque
1027 2591 1128 2651 urbem
1147 2613 1182 2657 r,

44 2679 223 2759 lysmtrare
237 2692 423 2762 paterentur..
452 2684 495 2741 At
509 2684 563 2759 illi,
576 2683 638 2743 loco
654 2686 724 2743 satis
732 2686 788 2760 fisi,
802 2686 979 2745 obsidionem
991 2688 1068 2746 ferre
1082 2687 1127 2745 de·

112 2786 270 2840 creverunt.
287 2789 334 2827 r*
346 2790 408 2866 Π

175 2880 201 2935 8.
225 2874 355 2953 Namque
378 2873 478 2933 urbem
492 2894 509 2931 a
522 2874 679 2933 continenti
693 2883 818 2953 quatuor
840 2876 998 2935 stadiorum
1018 2877 1125 2935 fretum

1 2972 2 2979 ’
112 2970 229 3044 dividit,
257 2970 358 3029 Africo
381 2969 506 3027 maxime
531 2969 682 3047 objectum,
703 2972 818 3031 crebros
838 2990 874 3029 ex
893 2971 954 3031 alto
973 2974 1077 3033 fluctus
1098 2974 1127 3032 in

113 3050 199 3125 littus
213 3064 368 3145 ”volventi
390 3083 442 3121 nec
465 3064 650 3141 ⁴0coipiendo
664 3065 753 3146 operi,
767 3085 822 3144 quc
844 3066 1017 3127 Macedones
1037 3070 1126 3128 conti·
1152 3056 1181 3118 τ(

38 3162 58 3223 l
67 3161 196 3224 menti
219 3160 342 3219 insulam
360 3161 480 3237 jungere
501 3160 650 3235 parebant,
669 3160 826 3240 quidquam
846 3162 948 3239 magis,
969 3147 1059 3242 quim
1077 3165 1127 3224 ille

26 3308 31 3317 .
113 3262 227 3329 ventus,
250 3255 391 3315 obstabat.
435 3253 547 3331 Quippe
562 3256 611 3315 vix
624 3256 682 3314 leni
705 3257 735 3314 et
756 3258 912 3336 tranquillo
932 3260 1016 3333 mari,
1037 3260 1127 3319 moles

113 3350 163 3429 agi
190 3357 326 3427 possunt:
361 3348 480 3407 Africus
495 3351 576 3408 uero
606 3350 700 3427 prima
727 3372 846 3431 quaeque
872 3362 1014 3431 congesta,
1041 3355 1127 3431 pulsu

111 3432 199 3521 illisa,
226 3444 300 3503 mari
327 3444 457 3504 subruit:
488 3464 540 3503 nee
559 3445 621 3503 ulla
648 3453 707 3503 tam
732 3448 814 3505 firma
839 3448 929 3506 moles
956 3455 1009 3523 est,
1036 3451 1137 3526 quim,

112 3534 171 3601 no'n
185 3540 331 3599 ‘exedant
354 3540 449 3613 undae,
465 3546 494 3599 et
516 3560 567 3617 per
580 3559 671 3598 nexus
694 3561 811 3617 operum
833 3550 989 3618 manantes,
1015 3550 1054 3617 ct,
1074 3543 1166 3603 ubios*

49 3622 206 3703 lisacrior
219 3637 304 3695 flatus
318 3634 440 3710 exstitit,
455 3635 557 3693 summi
572 3635 665 3712 operia
675 3636 794 3715 fastigio
807 3638 971 3715 superfusa.
1013 3638 1126 3697 Praeter

111 3732 185 3791 hanc
212 3730 420 3805 difficultatem,
447 3730 526 3788 haud
551 3731 644 3789 minor
667 3719 726 3789 alia
748 3739 829 3791 erat:
859 3752 956 3791 muros
978 3740 1126 3811 turresque

111 3828 192 3889 urbis
205 3826 357 3905 praealtum
369 3844 448 3884 mare
462 3825 610 3885 ambiebat.
642 3826 652 3853 ⁶
663 3826 692 3884 N
694 3846 731 3885 on
741 3834 891 3901 tormenta,
905 3828 961 3886 nisi
975 3847 992 3886 e
1004 3828 1125 3887 navibus

110 3922 210 4002 procul
225 3940 361 3995 excussa,
368 3920 462 3995 mitti,
480 3939 537 3978 non
559 3920 644 3980 scalae
663 3920 804 3981 moenibus
824 3921 962 3998 applicari
982 3928 1123 3999 poteraut
