2592 4400
185 352 246 415 2⁰0
536 368 683 417 curunr
708 367 851 411 curru

184 508 281 569 mum
311 506 428 585 pellices
453 507 594 583 referunt,
619 506 716 586 patrio
740 507 866 567 carmine
885 506 1015 567 nocuum
1033 506 1207 569 invocantes

183 604 291 758 Mil.
315 696 389 769 Quis
414 696 514 757 credat
539 696 618 757 inter
642 696 704 757 haec
726 695 801 759 vitia
823 715 920 757 curam
945 715 1008 757 esse
1029 696 1207 773 sapientiae?

184 792 283 855 Unum
295 798 410 871 agreste
432 799 463 851 et
485 791 637 851 horridum
658 810 748 871 genus
761 798 816 867 est,
829 810 899 869 quos
920 790 1071 867 Sapientes
1085 800 1204 851 vocant

183 888 274 966 Apud
295 887 349 947 hos
362 888 530 965 ''occupare
552 886 608 945 lati
630 886 717 961 diem,
740 886 905 965 pulchrum3
929 892 960 943 et
981 886 1063 946 vivos
1088 904 1121 945 se
1142 906 1206 947 cre

181 982 257 1043 mari
273 982 385 1060 jubent,
405 982 513 1062 quibus
535 988 586 1041 aut
600 982 727 1061 ”segnis
749 988 831 1055 setas,
852 987 902 1039 aut
922 980 1104 1039 incommoda
1124 982 1205 1040 vale

181 1079 254 1138 tudo
277 1086 340 1138 est:
371 1079 581 1155 ”expectatam
604 1083 728 1136 mortem
748 1096 802 1154 pro
824 1076 962 1135 dedecore
984 1076 1055 1135 vites
1081 1077 1202 1137 habent
1276 1074 1277 1159 J

183 1172 247 1233 Nec
272 1173 351 1233 nllus
373 1172 549 1250 corporibus,
569 1190 636 1250 quse
662 1178 793 1231 senectus
820 1169 916 1245 solvit,
943 1168 1032 1230 honos
1058 1170 1202 1232 redden.

182 1266 333 1345 lnquinari
354 1273 459 1346 putant
473 1264 645 1345 ignem,nisi
664 1266 715 1343 qui
737 1265 881 1342 spirantes
894 1264 1002 1341 recipit.
1044 1265 1064 1293 ²⁴
1074 1264 1127 1324 Illi
1149 1267 1204 1345 qui

181 1362 214 1420 in
238 1361 360 1423 urbibus
392 1361 516 1439 publicis
541 1360 670 1421 moribus
703 1359 820 1438 degmt,
848 1358 975 1419 siderum
1000 1366 1097 1418 motus
1125 1360 1201 1419 sciti

182 1462 311 1533 spectare
323 1455 468 1530 dicuntur,
480 1462 512 1514 et
530 1455 631 1515 futura
642 1454 804 1532 praedioere
845 1452 937 1511 ²⁵Nee
957 1472 1129 1532 quemquam
1151 1455 1203 1513 ad·
1276 1454 1277 1503 ἐ

181 1569 294 1609 movere
309 1550 389 1608 ’lethi
412 1550 490 1609 diem
512 1549 643 1625 creduut,
670 1549 718 1608 eui
745 1555 912 1626 exspectare
938 1548 1071 1607 interrito
1099 1548 1200 1611 liceat

182 1644 260 1705 Deos
272 1651 383 1721 putant,
395 1644 534 1724 quidquid
546 1644 638 1704 colere
662 1651 826 1722 coeperunt:
849 1643 964 1703 arbores
977 1642 1110 1717 maxime,
1125 1664 1202 1722 quas
1276 1642 1277 1699 l

182 1738 292 1800 molare
315 1740 422 1818 capital
446 1747 500 1799 est
552 1739 669 1799 Menses
690 1740 720 1797 in
743 1737 844 1817 quinos
868 1738 958 1796 denos
981 1737 1201 1814 descripserunt

183 1834 252 1895 dies
302 1835 411 1897 ”Anni
425 1834 754 1912 plenaspatiaservant.
805 1832 897 1893 Lunae
910 1838 1112 1891 curennotant
1125 1839 1200 1893 tem·
1276 1836 1277 1907 l

182 1950 262 2008 pora,
284 1950 343 1990 non
364 1937 399 1990 ut
421 1929 560 2009 plerique,
583 1930 652 1989 crim
674 1928 771 1989 orbem
793 1927 874 1987 sidus
895 1926 1035 2005 implevit,
1058 1927 1109 1986 sed
1130 1932 1200 1987 curn
1276 1930 1277 1975 ἕ

182 2021 616 2103 secumarecoepitincornna3
637 2022 787 2103 etidcirco
798 2022 944 2084 breviores
956 2020 1199 2099 habentmenses,

181 2120 232 2200 qni
246 2121 371 2200 spatium
383 2139 482 2181 eorum
494 2119 533 2179 ad
546 2120 622 2177 hunc
634 2118 728 2179 Lunae
740 2118 857 2177 modum
870 2117 1008 2196 dirigunt.
1050 2117 1150 2177 Multa
1168 2126 1200 2177 et

182 2216 241 2274 alia
253 2217 416 2292 traduntur,
426 2215 533 2295 quibus
540 2212 645 2274 morari
659 2214 786 2274 ordinem
799 2232 894 2274 rerum
903 2213 980 2271 haud
993 2216 1062 2272 sane
1075 2213 1200 2291 ⁹⁷operae
1276 2219 1277 2290 l

181 2309 308 2388 pretium
321 2309 481 2370 ridebatur.

241 2403 281 2464 n
303 2408 350 2464 32.
372 2403 486 2482 ugron
508 2403 678 2462 menno
701 2403 770 2463 mes
793 2402 890 2462 nne
917 2373 1045 2482 ingresso
1064 2402 1198 2481 genum
1276 2431 1277 2476 ,

181 2517 299 2558 suarum
320 2497 428 2578 Reguli
450 2504 644 2572 occurrerunt,
665 2497 807 2576 imperata
827 2498 952 2558 facturi:
972 2497 1054 2556 illum
1073 2497 1198 2556 tertium

182 2591 258 2652 Jove
271 2591 403 2671 genitum
415 2592 454 2650 ad
476 2592 555 2670 ipsos
568 2593 733 2670 pervenisse
747 2601 953 2652 memorantes:
975 2593 1095 2652 Patrem
1109 2592 1196 2654 Libe·

181 2707 256 2762 rum,
270 2694 358 2767 atque
373 2686 530 2746 Herculem
543 2688 622 2746 fami
635 2688 764 2766 cognitos
778 2706 857 2746 esse:
878 2688 970 2764 ipsum
984 2705 1080 2745 coram
1092 2687 1196 2746 adesse

181 2784 322 2863 cernique.
363 2782 430 2842 Rex
453 2783 575 2863 benigne
598 2789 734 2859 exceptos
756 2783 836 2861 sequi
857 2783 953 2860 jussit,
967 2781 1089 2840 ’iisdem
1109 2782 1196 2842 itine-

181 2878 379 2939 rumduoibus
391 2897 504 2939 usurus.
546 2876 692 2938 Caeterum
706 2878 774 2936 culm
788 2877 914 2955 amplius
927 2895 1009 2936 nemo
1022 2884 1195 2952 occurreret,

182 2973 419 3050 Hephaestionem
439 2981 470 3031 et
491 2973 659 3032 Perdiccam
684 2991 750 3032 cum
775 2973 920 3050 copiarum
942 2979 1024 3050 parte
1043 2972 1194 3049 praemisit,

181 3067 220 3126 ad
233 3067 413 3146 subigendos,
421 3067 471 3146 qui
485 3074 686 3129 aversarentur
695 3066 862 3145 imperium:
880 3067 1024 3146 jussitque
1037 3067 1076 3124 ad
1088 3067 1195 3126 flumen

181 3161 289 3220 Indum
308 3161 469 3239 presedere,
490 3169 521 3221 et
539 3163 656 3243 mamm
676 3163 780 3238 facere,
802 3161 884 3240 queis
906 3161 938 3221 in
957 3162 1097 3222 ulteriora
1117 3170 1195 3222 tran·

182 3256 305 3337 sportari
328 3264 426 3334 posset
442 3258 593 3318 exercitus
634 3258 697 3333 Illi,
711 3258 779 3336 quia
797 3258 882 3336 plura
903 3257 1021 3316 flumina
1034 3257 1196 3334 superanda
1276 3335 1277 3346 ἵ

181 3360 272 3428 erant,
298 3352 342 3413 sic
365 3353 489 3429 junxere
513 3372 610 3428 nares,
633 3361 669 3412 ut
691 3353 794 3415 solutae
814 3353 951 3431 plaustris
973 3351 1039 3434 vehi
1066 3359 1194 3428 possent,

181 3450 337 3527 rursusque
363 3448 505 3526 conjungi
555 3449 628 3508 Post
654 3467 685 3507 se
708 3447 827 3508 Cratero
854 3467 921 3506 cum
946 3446 1088 3524 phalange
1112 3425 1195 3522 lasso
1276 3525 1277 3528 Ἴ

181 3545 271 3623 sequi,
298 3543 461 3624 equitatum
495 3562 528 3602 ac
554 3544 647 3605 leuem
674 3550 850 3618 armaturam
876 3542 987 3616 eduxit,
1012 3559 1117 3618 eosque
1144 3542 1195 3620 qui

181 3646 373 3714 occurrerant,
387 3638 446 3698 levi
466 3638 567 3716 praelio
580 3639 611 3697 in
623 3637 724 3699 urbem
746 3639 905 3715 proximam
918 3636 1061 3714 compulit.
1104 3638 1114 3664 ³
1125 3638 1147 3696 J
1149 3657 1195 3696 am

181 3719 386 3811 supervenerat
399 3732 545 3793 Gruterus.
572 3733 677 3810 Itaque
690 3739 723 3792 ut
735 3732 874 3810 principio
889 3739 1028 3791 terrorem
1040 3731 1194 3806 incuteret,
1276 3763 1277 3780 2

180 3828 270 3908 genti,
297 3829 424 3888 nondum
449 3847 531 3886 arma
556 3826 747 3886 Macedonum
766 3833 899 3904 expertae,
925 3825 1059 3906 precipit
1086 3846 1123 3887 ne
1149 3826 1195 3886 cui
1276 3881 1277 3884 ,
