2592 4400
201 375 258 436 168
547 387 687 440 eurnrr
716 387 857 428 curru

768 474 790 506 0

198 533 286 612 quem
300 547 426 608 praeseus
439 534 561 605 tempus,
574 526 708 586 ostendet
725 523 848 601 melium
868 523 983 602 impone
1001 524 1226 586 felicitatituoe

195 628 318 701 frreuoe3
339 623 453 683 feeilids
467 623 547 682 illem
561 641 650 700 reges.
692 620 797 680 Nostri
817 620 880 678 eine
898 619 1020 697 pedibus
1033 620 1137 679 dieunt
1150 639 1224 680 esse

196 721 428 797 fortunamque
448 735 550 776 munus
564 723 595 774 et
617 716 722 794 pinnae
740 719 853 772 teutirm
874 714 970 774 ualet
1012 714 1092 775 (idm
1111 734 1223 774 munus

194 815 326 895 porrigit,
340 813 443 892 pinnen
462 831 574 891 quoque
587 812 607 840 '¹
618 809 858 887 eomprehendere
876 829 934 868 nou
946 809 1027 870 sinit
1068 809 1221 888 Denique,

194 911 221 970 si
236 910 314 970 Deus
327 927 367 983 es,
380 907 510 968 tribuere
520 905 693 966 mortalibus
702 903 941 978 beneueudebes,
951 923 1009 964 nou
1021 923 1076 963 suu
1087 905 1220 980 eripere.

193 1005 246 1066 sin
259 1011 355 1062 eutem
368 1003 452 1062 homo
466 1019 507 1075 es,
526 1000 558 1058 id
571 998 648 1079 quod
661 1017 701 1073 es,
713 1017 825 1076 semper
834 1017 896 1057 esse
904 1004 935 1056 te
955 998 1059 1076 eogite
1101 1000 1123 1028 ¹¹
1132 1001 1221 1060 seul.

192 1104 255 1157 tum
268 1104 314 1157 est
326 1115 425 1156 eorum
438 1093 602 1154 meminisse
615 1098 811 1170 propterque
825 1099 870 1150 tut
883 1091 1089 1152 oblivisoeris”

252 1191 395 1264 “Quibus
420 1189 529 1250 bellum
549 1207 607 1246 nou
628 1187 771 1262 intuleris,
792 1186 877 1247 bouis
897 1186 999 1246 emieie
1020 1188 1135 1264 poteris
1156 1188 1218 1250 uti.

194 1286 270 1346 Num
283 1293 314 1345 et
326 1283 490 1344 firmissime
504 1291 549 1342 est
562 1283 637 1342 inter
650 1301 734 1359 peres
747 1280 891 1341 umioitio:
912 1288 942 1340 et
961 1282 1097 1341 videntur
1114 1303 1217 1361 perer,

192 1381 243 1461 qui
255 1400 313 1440 non
325 1381 456 1440 feeerrmt
468 1379 544 1436 inter
558 1397 588 1437 se
600 1377 761 1456 perieulum
769 1376 887 1438 virium,
924 1375 1004 1446 Quos
1014 1377 1129 1452 viceris,
1140 1377 1219 1436 emi·

194 1495 242 1536 eos
265 1475 319 1536 tibi
340 1493 402 1535 erse
423 1493 491 1534 euve
514 1473 622 1533 eredeu
664 1473 747 1532 Inter
768 1471 916 1531 domiuum
940 1478 971 1530 et
993 1491 1108 1532 serrum
1128 1474 1219 1532 nullo

120 1577 122 1582 '
195 1569 323 1630 emieitie
333 1577 398 1630 est:
419 1569 506 1628 etiem
526 1568 557 1626 iu
576 1587 654 1646 pree,
667 1567 739 1627 belli
750 1574 848 1626 temen
865 1567 934 1644 juro
952 1574 1111 1627 sumentur.
1154 1568 1218 1627 Ju-

195 1665 285 1725 roudo
304 1664 429 1744 gretiam
449 1663 571 1742 Scythes
591 1663 702 1722 sennim
720 1681 757 1721 ne
776 1661 952 1722 credideris:
974 1662 1094 1721 eoleudo
1113 1662 1216 1738 fidem,

200 1763 307 1838 jurent.
349 1758 516 1820 Groeeorum
529 1757 586 1817 iste
598 1758 721 1816 ”nautio
735 1763 789 1832 eet,
802 1756 872 1836 quio
883 1762 969 1834 puoto
987 1756 1167 1836 oonsignent‚
1183 1765 1218 1816 et

194 1855 272 1915 Deos
292 1857 443 1916 iuvoeeut:
470 1853 550 1912 ”nos
573 1852 744 1931 religionem
757 1851 788 1909 in
810 1852 873 1929 ipse
892 1851 948 1909 fide
968 1851 1106 1911 novimus
1149 1851 1217 1923 Qui

193 1970 251 2009 uon
271 1957 440 2010 reverentur
459 1947 596 2022 homiues,
610 1946 718 2005 feliunt
737 1945 824 2006 Deos.
867 1945 930 2005 Nee
948 1945 1005 2006 tibi
1024 1946 1117 2005 omioo
1135 1965 1216 2024 opus

193 2052 244 2120 est,
259 2045 294 2104 de
314 2047 397 2121 eujus
416 2041 614 2104 benevolentit
635 2041 757 2100 dubites
799 2039 947 2100 Gruterum
965 2058 1020 2099 nes
1039 2047 1071 2099 et
1084 2041 1170 2100 Aeiee
1182 2049 1218 2101 et

195 2141 321 2218 Europee
334 2138 468 2200 eustodee
479 2136 608 2198 hebebis.
648 2135 794 2210 “Boetrq
807 2134 866 2195 nisi
886 2134 999 2195 dividet
1014 2135 1132 2212 Tenuis,
1144 2155 1216 2196 eon·

195 2236 340 2314 tingimur
382 2234 469 2295 Ultre
482 2232 615 2307 Teneim,
627 2231 766 2310 usquead
776 2230 938 2306 Threoiem,
949 2230 1076 2292 uelimus.
1118 2231 1215 2291 Thra·

149 2404 155 2415 Ι
195 2332 249 2390 oiee
262 2329 459 2389 Mneedouiem
471 2330 652 2405 eonjunetem
666 2346 728 2386 esee
748 2326 826 2385 fumo
845 2333 899 2387 est
941 2326 1069 2405 Utrique
1087 2327 1216 2404 imperio

195 2432 246 2483 tuo
269 2424 524 2499 finitimos,hoetee
545 2442 583 2479 eu
604 2421 711 2480 amieos
731 2420 805 2481 velie
827 2440 899 2496 esse,
916 2420 1095 2481 eonsideru”
1135 2421 1215 2481 Hero

196 2520 352 2579 Burburus

258 2613 315 2674 lx
338 2616 384 2672 et.
407 2610 518 2673 Oontrie
545 2611 612 2671 Rex
631 2612 750 2669 fortuut
776 2615 832 2670 eut
857 2617 889 2670 et
907 2609 1035 2670 oonsiliis
1053 2630 1155 2671 eorum
1181 2630 1214 2672 ee

197 2728 316 2770 usurum
328 2726 390 2767 esse
403 2706 562 2785 respondet,
576 2705 743 2784 dimisisque
764 2705 878 2784 legetis,
892 2706 924 2763 iu
943 2713 1121 2785 preparatae
1133 2709 1213 2767 rete

197 2804 354 2865 exereitum
375 2802 518 2881 imposuit.
560 2800 598 2859 Iu
617 2801 712 2878 proris
731 2799 879 2879 elypeetoe
899 2800 1053 2875 loeoverut,
1065 2803 1164 2877 jussoe
1183 2802 1213 2860 iu

198 2920 291 2979 genno
304 2898 461 2972 subsidere,
471 2899 528 2975 qud
541 2896 665 2956 tutiores
678 2904 774 2955 essent
786 2896 924 2955 adversus
938 2896 1014 2954 intus
1029 2896 1211 2975 sagittarum

199 2996 272 3054 Post
294 2993 357 3068 hoe,
373 2992 424 3072 qui
447 2999 590 3051 tormenta
610 2989 803 3065 intenderent,
826 2990 952 3059 stabunt,
974 2998 1006 3049 et
1028 2990 1066 3050 eb
1089 2998 1213 3070 utroquo

198 3087 297 3163 lutere,
311 3095 341 3145 et
361 3108 379 3145 e
390 3088 484 3145 fronte
504 3085 674 3145 eireumdeti
687 3085 816 3144 ermetis.
859 3084 987 3163 Reliqui,
1001 3085 1051 3163 qui
1071 3093 1138 3163 post
1157 3093 1213 3145 tor·

199 3189 295 3241 mente
308 3181 502 3255 eonstiterent,
516 3180 654 3259 remigem
667 3180 785 3239 lorioem
796 3180 930 3239 indutum
943 3186 1090 3239 eeutorum
1099 3180 1212 3243 testitu-

201 3276 268 3335 dine
282 3274 387 3335 ermeti
406 3276 602 3353 protegebant.
644 3274 730 3333 Idem
750 3274 821 3333 ordo
840 3272 949 3333 inillis
967 3293 1080 3353 quoque
1099 3275 1214 3337 mtibus

190 3392 264 3453 quee
278 3370 404 3450 equitem
413 3368 562 3445 vehebant,
576 3376 706 3429 servatus
719 3376 784 3430 eet:
804 3370 898 3446 mejor
907 3388 975 3446 pere
989 3371 1024 3426 ¹e
1036 3388 1134 3470 puppe
1144 3388 1213 3429 uon·

200 3474 245 3527 tes
259 3484 346 3546 equos
360 3464 430 3524 lorie
439 3464 579 3525 trahebat.
621 3464 666 3523 At
678 3464 753 3539 illes,
763 3482 835 3542 quoe
848 3471 929 3523 utres
939 3471 1097 3524 strumento
1109 3465 1213 3544 repleti

201 3563 353 3637 vehebant,
373 3561 513 3637 'objeetae
532 3567 609 3618 rates
630 3558 793 3619 tuebuntur.
834 3558 904 3636 Ipse
923 3560 990 3618 Rex
1009 3578 1073 3617 oum
1093 3558 1213 3618 deieetis

200 3659 310 3737 primus
331 3663 424 3716 retem
448 3653 544 3729 solvit,
559 3662 589 3712 et
610 3654 641 3711 in
662 3654 755 3730 ripum
775 3653 863 3733 dirigi
880 3652 977 3731 jussit
1019 3652 1076 3714 Oui
1093 3654 1213 3732 Soytlne

202 3753 332 3811 admotos
345 3750 460 3809 ordines
480 3748 609 3826 equitum
621 3749 653 3805 in
672 3748 764 3824 primo
776 3748 848 3824 ripae
866 3749 995 3827 margine
1009 3744 1166 3825 opponunt,
1179 3756 1214 3808 ut

202 3864 239 3905 ue
260 3836 401 3921 e'pplioeri
428 3841 544 3921 quidem
564 3850 652 3901 terree
673 3848 752 3900 rotee
773 3850 897 3918 possent
940 3842 1088 3904 ueterem
1109 3852 1214 3922 proter
