2592 4400
433 356 553 397 arura
577 356 630 397 rx.
658 356 740 397 car.
768 356 820 395 v1.
1069 338 1126 397 281

116 494 190 573 qnid
212 493 282 553 novi
304 493 451 566 afferrent,
469 494 542 572 quie
563 493 652 553 simul
675 501 823 569 veneram,
847 498 1034 573 mutatur
1059 512 1130 555 num

117 589 247 647 hostium
261 606 362 646 recens
382 588 569 647 nunciaretur
582 589 734 649 adventus.

178 685 226 743 2⁰.
249 684 294 742 At
309 681 457 756 Craterus,
471 683 519 741 cui
537 684 706 743 mundatum
721 689 793 759 eret,
807 689 841 741 ut
854 683 1010 745 emicorum
1029 702 1130 762 preest

116 780 261 856 perferret
274 778 312 837 sd
333 798 409 852 eum,
430 777 644 852 “¹0redisue,'’
660 779 764 858 inquit,
785 778 941 839 “adventu
959 780 1053 858 magis
1067 779 1129 841 hoa·

117 874 203 948 dnm,
217 881 252 931 ut
270 875 331 950 jsm
350 874 381 932 in
394 872 471 934 uallo
485 873 685 949 consisterent,
699 875 788 953 quim
809 877 880 933 cart
894 873 1001 933 sulutis
1014 882 1083 951 ture,
1095 882 1131 935 ut

116 989 195 1028 nuno
216 977 263 1029 est
283 968 338 1029 tibi
352 969 429 1043 uilis,
442 988 496 1030 nos
518 988 581 1029 esse
603 969 769 1030 sollicitos?
810 968 999 1040 Quantalibet
1011 970 1056 1031 ris
1073 990 1129 1031 om·
1206 969 1210 977 '

116 1066 199 1123 nium
212 1065 342 1142 gentium
356 1055 502 1142 conspiret
521 1064 552 1123 in
563 1084 626 1139 nos,
641 1064 762 1142 impleat
783 1065 871 1124 armis
885 1064 1014 1145 virisque
1035 1072 1130 1125 tetum

116 1161 227 1232 orbem,
241 1160 383 1221 classibus
396 1160 488 1219 maris
500 1167 675 1234 consternat,
691 1160 848 1219 inusitatos
868 1160 983 1221 belluas
1002 1160 1131 1239 inducet,

118 1263 153 1314 tu
165 1274 220 1313 nos
233 1254 386 1331 praestabis
399 1254 533 1315 invictos.
575 1253 635 1315 sed
654 1253 720 1332 quis
735 1253 863 1314 Deorum
883 1253 937 1314 hoc
951 1254 1131 1315 Macedonia
1148 1312 1159 1323 ,

117 1349 253 1409 columen
277 1350 411 1409 accidua
436 1349 604 1409 diuturnum
624 1349 688 1408 iore
709 1349 840 1427 polliceri
862 1357 966 1427 petest,
981 1352 1048 1409 etim
1065 1357 1131 1410 tem

116 1444 205 1504 avide
220 1444 382 1504 manifestis
402 1444 538 1522 periculis
558 1442 663 1507 offeras
683 1462 797 1521 eorpus,
811 1444 938 1506 ‘oblitus
959 1451 1005 1505 tot
1023 1446 1131 1508 civium

117 1541 231 1601 enimes
255 1539 369 1599 trahere
384 1538 458 1598 teia
471 1538 593 1599 casum?
645 1538 720 1611 Quis
744 1540 822 1599 euim
845 1540 901 1600 tibi
921 1548 1068 1619 superstes
1081 1547 1132 1601 aut

117 1642 202 1713 optat
229 1653 299 1709 esse,
323 1641 375 1694 aut
401 1634 520 1713 potest?
570 1634 618 1693 Ed
640 1635 834 1711 pervenimus,
856 1636 1017 1713 euspicium
1044 1645 1132 1716 atque

117 1730 275 1808 imperium
296 1730 390 1789 secuti
411 1738 502 1804 tuum,
515 1728 593 1789 uude
606 1729 664 1789 nisi
678 1737 708 1789 te
725 1730 840 1805 reduce,
855 1730 929 1791 uuili
953 1730 990 1789 ed
1013 1738 1132 1809 penates

118 1845 188 1885 suos
202 1826 261 1883 iter
274 1825 349 1883 est.”
618 1890 620 1893 ,

180 1923 198 1953 “
209 1921 219 1948 '
229 1918 315 1990 Quod
328 1919 354 1979 si
367 1919 462 1979 udbrm
475 1918 513 1979 de
531 1918 665 1979 Persidis
677 1938 767 1998 reguo
781 1939 846 1978 cum
866 1918 957 1979 Dario
970 1919 1133 1997 dimicares,

117 2016 179 2076 etsi
209 2035 294 2075 nemo
318 2015 417 2090 vellet,
439 2022 536 2073 mmeu
561 2034 599 2075 ne
625 2014 765 2073 admirari
789 2014 914 2094 quidem,
935 2022 1044 2093 posset,
1072 2023 1132 2074 tum

117 2119 262 2190 promptae
285 2130 349 2170 esse
376 2117 406 2169 te
429 2110 468 2170 sd
491 2130 575 2171 omne
603 2110 758 2170 discrimen
786 2109 924 2171 audaciae.
977 2109 1054 2169 Nem
1080 2110 1132 2172 ubi

118 2208 203 2286 paria
216 2213 286 2265 sunt
299 2206 460 2283 periculum
474 2226 508 2266 ae
521 2206 682 2284 praemium,
698 2212 728 2266 et
742 2205 895 2266 'secundis
908 2205 996 2266 rebus
1010 2206 1134 2284 amplior

89 2333 92 2339 ·
119 2305 235 2362 fructus
257 2309 310 2375 est,
325 2309 355 2360 et
379 2302 509 2361 edversis
533 2300 670 2360 solatium
693 2305 795 2377 majus.
836 2300 921 2360 ’Tuo
945 2301 1012 2361 verb
1037 2301 1132 2380 cupite

118 2396 278 2475 ignobilem
291 2395 387 2472 vicum
400 2396 458 2454 emi
480 2394 548 2474 quis
568 2395 653 2469 feret,
674 2415 731 2456 nou
757 2402 874 2454 tuorum
887 2395 972 2454 modd
995 2395 1133 2471 militum,

119 2491 173 2554 sed
196 2490 287 2548 ullius
309 2490 397 2549 etiam
418 2490 515 2568 gentis
535 2489 668 2550 barbares
693 2490 800 2564 ¹⁰civis,
815 2490 867 2568 qni
888 2497 969 2548 tuam
991 2491 1133 2570 magnitu-

119 2588 220 2670 dinem
239 2585 343 2645 uovit?
383 2584 496 2644 Horret
518 2586 630 2644 enimus
658 2585 834 2664 cogitatione
861 2585 913 2660 rei,
936 2605 1023 2664 quam
1045 2585 1133 2662 psuld

119 2684 190 2742 autd
204 2681 339 2742 vidimus.
383 2682 401 2709 ¹¹
411 2680 521 2759 Eloqui
546 2680 646 2754 timeo,
667 2681 770 2740 invicti
794 2680 922 2757 corporis
946 2680 1047 2758 spoliis
1060 2680 1133 2740 iuer·

120 2779 252 2836 tissimos
265 2795 367 2835 munus
380 2776 471 2834 fuisse
485 2776 652 2852 inJ‘eeturos,
667 2775 723 2834 nisi
738 2783 768 2835 te
783 2775 1005 2852 1’interceptum
1024 2774 1133 2834 miseri·

121 2892 185 2933 cors
200 2872 231 2930 iu
245 2891 297 2929 nos
311 2871 431 2928 fortuna
445 2870 619 2944 servisset.’²
889 2874 892 2879 '

182 2967 350 3026 “Totidem
371 2965 543 3043 proditores,
559 2963 682 3024 totidem
706 2963 870 3024 desertores
891 2982 999 3038 sumus,
1013 2970 1085 3042 quot
1104 2970 1134 3024 te

120 3083 180 3122 non
203 3062 353 3140 potuimus
373 3060 514 3138 persequi.
558 3059 577 3088 ¹⁸
586 3059 744 3120 Universos
767 3059 838 3118 lieet
861 3059 1019 3136 ignominie
1042 3067 1134 3136 nous,

121 3179 208 3218 nemo
233 3155 380 3216 recusabit
399 3155 479 3214 luere
503 3155 543 3229 id,
558 3154 646 3233 quod,
660 3175 697 3214 ne
719 3154 897 3228 admitteret,
918 3163 1056 3234 praestare
1077 3175 1135 3216 uon

122 3253 225 3332 potuit
268 3251 376 3310 Petere
398 3269 460 3323 nos,
474 3267 581 3328 quaeso,
595 3249 653 3308 alio
674 3249 759 3310 modo
782 3269 843 3310 esse
857 3250 929 3310 viles
952 3251 1016 3312 tibi.
1059 3250 1135 3322 Quo·

122 3367 248 3428 cumque
265 3344 399 3422 jusseris,
413 3344 538 3403 ibimus:
559 3343 683 3404 obscure
702 3342 839 3425 pericula,
855 3353 886 3404 et
908 3345 1051 3424 ignobiles
1065 3365 1135 3423 pug-

123 3463 177 3503 nes
190 3442 276 3502 uobis
289 3440 491 3518 deposcimus;
512 3438 698 3515 temetipsum
720 3440 757 3498 ed
780 3459 814 3498 ea
838 3459 930 3514 servs,
944 3459 1010 3517 qum
1029 3439 1136 3517 magui·

124 3539 256 3598 tudinem
270 3543 352 3596 tuam
374 3534 524 3612 ¹‘capiunt
569 3533 637 3594 cite
661 3534 756 3614 gloria
779 3535 935 3595 obsolescit
957 3535 988 3592 in
1012 3532 1137 3594 sordidis

124 3632 267 3694 hostibus.
312 3629 341 3688 N
344 3649 375 3689 eo
396 3629 555 3708 quidquam
576 3629 724 3706 indignius
746 3637 800 3702 est,
815 3629 904 3707 quiem
917 3627 1048 3689 consumi
1066 3646 1138 3704 esni,

125 3729 175 3789 ubi
188 3747 246 3789 uon
266 3726 361 3804 pessit
381 3724 526 3787 ostendi.”
567 3723 680 3783 Eodem
694 3713 966 3797 fere'Ptolemaeus,
982 3732 1012 3782 et
1032 3721 1139 3781 similis

126 3823 163 3882 iis
185 3821 294 3882 eaeteri.
347 3819 474 3898 Jamque
497 3818 627 3877 confusis
649 3817 770 3878 vocibus
792 3817 894 3875 dentes
917 3835 982 3876 eum
1007 3815 1139 3892 orabunt,
