2592 4400
393 400 517 441 aissa
544 401 617 442 vu.
647 402 735 442 aar.
767 402 811 443 11.
1054 385 1108 445 145

92 558 164 617 ceps
177 538 255 599 enim
269 538 376 597 crimen
388 545 435 598 eat
443 538 521 598 inter
533 538 707 599 retinentem
727 547 758 600 et
778 540 949 620 exigentem,
961 539 1019 600 nisi
1031 540 1110 618 qubd

91 635 258 693 meliorest
270 652 356 693 causa
368 654 450 693 auum
470 652 528 691 non
542 634 693 710 tradentis,
707 638 795 713 quam
815 620 957 712 poscentis
975 635 1108 696 alienum.

96 728 257 803 (laeterdm,
280 730 357 803 Rex,
379 746 466 806 equos
484 728 581 787 decem
602 730 699 805 habui,
719 749 734 789 e
754 730 835 808 queis
849 729 1031 806 Antiphanes
1044 737 1109 789 octo

100 825 166 901 jam
178 824 365 884 distribuerat
383 824 430 897 iis,
451 824 501 902 qui
521 824 678 883 amiserant
698 842 772 885 suos.
816 823 940 886 Omninb
955 823 1027 883 duos
1047 825 1109 902 ipse

90 918 257 977 habebam:
277 938 349 997 quos
362 922 427 975 cum
439 918 529 978 vellet
540 918 680 978 abducere
689 918 774 981 homo
787 916 1019 995 superbissimus,
1029 920 1108 977 certe

91 1011 301 1090 iniquissimus,
322 1012 381 1070 nisi
410 1013 498 1089 pedes
522 1012 650 1071 militare
683 1011 795 1088 vellem,
828 1012 953 1071 retinere
979 1013 1106 1092 cogebar.

90 1108 114 1135 ²⁹
127 1107 190 1165 Nec
212 1107 319 1165 infitias
340 1126 383 1181 eo,
405 1106 491 1167 liberi
510 1106 637 1166 hominis
657 1106 751 1167 animo
765 1106 894 1166 locutum
907 1124 971 1166 esse
984 1126 1030 1165 me
1044 1125 1108 1165 cum

89 1201 292 1280 ignavissimo,
313 1208 343 1259 et
355 1200 437 1259 ”hoo
460 1220 548 1259 unum
568 1201 683 1268 militiae
700 1220 759 1261 suae
769 1208 935 1279 usurpante,
948 1207 983 1261 ut
1000 1201 1108 1261 alienos

90 1314 184 1375 equos
196 1296 368 1375 pugnaturis
381 1295 544 1374 distribuat
570 1295 655 1388 ‘Huc
668 1295 744 1355 enim
763 1296 904 1355 malorum
923 1302 1041 1357 ventum
1054 1303 1107 1371 est,

87 1399 128 1451 ut
141 1392 230 1453 verba
241 1410 305 1449 mea
316 1380 416 1449 eodem
436 1398 563 1469 tempore
584 1397 614 1482 et
626 1391 795 1469 Alexandro
816 1410 956 1468 excusem,
978 1399 1008 1451 et
1021 1390 1108 1451 Anti·

87 1486 210 1565 phaui'’
912 1535 952 1579 ff.
1062 1476 1071 1490 '

155 1585 173 1615 “
185 1581 238 1655 At,
252 1580 380 1655 hercule,
395 1580 637 1640 mater'denobis
658 1580 782 1641 inimicis
801 1582 861 1640 tuis
876 1581 1000 1661 scripsit.
1015 1582 1108 1671 utris

87 1698 161 1736 nam
173 1676 347 1754 prudentius
360 1683 438 1734 esset
452 1676 577 1734 sollicita
589 1677 721 1753 proillio,
736 1684 767 1735 et
779 1696 838 1735 non
851 1676 870 1706 '¹
880 1678 979 1737 inanes
992 1696 1107 1757 quoque

88 1773 204 1851 species
228 1772 314 1830 anxio
338 1772 434 1831 animo
458 1772 604 1849 figuraret.
658 1771 753 1842 Quare
781 1772 857 1831 enim
884 1792 942 1831 non
966 1773 1107 1834 adscribit

51 1929 62 1937 ,
87 1871 192 1927 metris
216 1867 262 1925 sui
285 1866 425 1925 eausam?
466 1866 599 1945 Denique
620 1886 678 1925 non
703 1867 831 1925 ostendit
855 1874 1010 1926 auctorem.
1040 1867 1106 1939 Quo

89 1965 172 2022 facto
186 1962 301 2022 dictove
323 1968 423 2020 nostro
436 1968 516 2020 mota
536 1970 597 2020 tam
610 1962 739 2039 trepidas
759 1962 813 2025 tibi
833 1961 948 2021 litteras
963 1963 1106 2041 scripsit?

90 2058 120 2120 0
136 2058 273 2116 miseram
295 2057 488 2116 conditionem
506 2077 612 2131 meam,
632 2058 680 2141 cpi
703 2058 823 2117 forsitan
844 2077 901 2115 non
915 2058 1105 2135 periculosius

87 2161 138 2212 est
160 2160 265 2227 tacere,
289 2153 378 2231 quam
401 2151 498 2211 dicere
511 2151 534 2210 l·
569 2152 629 2212 Sed
653 2158 807 2232 utcumque
835 2168 950 2212 cessura
977 2172 1023 2213 res
1051 2160 1104 2230 est,

88 2248 168 2308 malo
182 2248 238 2307 tibi
253 2249 447 2316 defensionem
462 2267 553 2306 meam
563 2247 725 2325 displicere,
738 2249 824 2326 quam
839 2268 963 2309 causam.
989 2249 1105 2327 adgnos-

87 2365 139 2404 ces
161 2351 259 2403 autem
279 2343 486 2422 quaedieturus
500 2362 572 2401 sum.
615 2341 729 2420 Quippe
745 2344 910 2418 meministi,
924 2345 991 2428 cplm
1006 2365 1052 2402 me
1065 2344 1103 2403 ad
1171 2351 1172 2356 ’

88 2438 291 2518 perducendos
305 2457 342 2496 ex
356 2437 528 2496 Macedonid
542 2437 650 2495 milites
664 2439 804 2513 mitteres,
820 2438 928 2501 dixisse
935 2439 980 2513 ts,
995 2439 1104 2499 multos

87 2537 110 2564 ’²
120 2537 252 2612 integros
262 2535 384 2610 juvenca
399 2533 428 2589 in
443 2532 601 2591 demotum
621 2521 723 2590 matris
743 2533 887 2592 abscondi.
930 2532 1104 2613 Praecepisti

86 2633 183 2709 igitur
206 2629 287 2703 mihi,
313 2628 334 2656 '³
342 2647 379 2686 ne
402 2647 487 2707 quem
511 2615 812 2704 praeterte'intuerer,
834 2628 885 2687 sed
907 2629 1103 2690 detrectantes

85 2725 225 2785 militiam
239 2724 425 2802 perducerem
448 2722 485 2780 ad
508 2730 551 2781 te:
588 2721 675 2793 Quod
696 2723 829 2801 equidem
849 2724 914 2800 feci,
929 2729 959 2782 et
979 2723 1103 2784 liberius

85 2823 180 2901 quiem
194 2818 367 2896 expediebat
380 2817 460 2892 mihi,
475 2827 614 2877 executus
640 2838 705 2876 sum
729 2818 880 2895 imperium
898 2826 988 2878 tuum.
1032 2818 1104 2879 Gor·

84 2917 176 2995 gisem
192 2913 373 2988 Hecataeum,
398 2920 429 2972 et
454 2913 620 2990 Gorgatam
645 2933 769 2992 quorum
791 2913 867 2973 bont
891 2917 980 2992 opert
1001 2915 1102 2990 uteris,

85 3009 159 3069 inde
184 3009 318 3087 perduxi.
361 3007 440 3078 Quid
464 3008 555 3086 igitur
577 3009 703 3088 iniquius
730 3016 784 3084 est,
806 3009 893 3088 quam
921 3029 975 3084 mc,
996 3009 1055 3089 qui,
1076 3011 1102 3070 si

85 3105 145 3165 tibi
158 3123 217 3162 non
230 3103 398 3181 paruissem,
420 3106 487 3180 jure
511 3104 632 3162 daturus
645 3105 689 3162 fui
703 3124 811 3182 poenas,
825 3125 901 3164 nunc
916 3106 1019 3184 perire,
1033 3108 1103 3187 quia

84 3199 200 3279 parui?
247 3199 351 3277 Neque
375 3199 452 3256 enim
475 3199 537 3258 ulla
558 3199 616 3257 alia
638 3201 726 3258 matri
750 3208 809 3260 tuse
829 3202 1023 3280 persequendi
1050 3223 1102 3262 nos

84 3314 176 3356 causa
190 3295 346 3372 est-quam
362 3293 439 3372 qudd
461 3295 621 3352 utilitatem
635 3302 716 3352 tuam
741 3296 876 3355 muliebri
890 3297 1102 3375 praeposuimus

84 3390 201 3468 gratim
244 3388 302 3448 Sex
316 3389 409 3447 millia
423 3389 615 3447 Macedonum
626 3390 765 3468 peditum,
781 3398 811 3450 et
825 3399 975 3450 sexcentos
989 3393 1101 3470 equites

84 3484 217 3543 adduxi:
237 3502 359 3562 quorum
380 3503 448 3560 pars
472 3491 607 3542 secutura
627 3505 674 3543 me
694 3505 752 3544 non
775 3493 846 3559 erat,
862 3487 887 3544 si
907 3486 1040 3544 militiam
1055 3487 1102 3545 de·

84 3577 283 3637 trectantibus
296 3578 448 3656 indulgere
459 3578 623 3638 voluissem.
668 3579 806 3659 Sequitur
821 3568 899 3658 ergbj
913 3593 955 3654 ut,
969 3579 1037 3657 quia
1050 3580 1101 3638 illa

84 3679 206 3750 propter
228 3671 302 3729 hanc
324 3691 439 3730 eausam
453 3673 589 3732 irascitur
610 3675 704 3748 nobis,
720 3682 753 3732 tu
776 3675 892 3751 mitiges
906 3680 1036 3747 matrem,
1050 3673 1101 3752 qui

83 3769 136 3828 irae
146 3769 213 3844 ejus
227 3785 280 3825 nos
293 3767 455 3826 obtulisti.’'

146 3861 192 3920 ΙΙ.
215 3864 242 3919 4.
268 3861 347 3920 Dum
367 3861 429 3920 haec
444 3862 591 3939 Amyntas
611 3864 680 3940 agit,
702 3864 778 3922 forte
799 3869 1036 3939 supervenerunt,
1050 3862 1100 3941 qui

232 3957 251 4013 ⁷
