2592 4400
363 413 486 456 urana
513 415 566 455 rv.
597 415 682 455 ear.
711 414 801 454 1111.
844 406 848 412 '
1049 396 1089 454 67

72 551 139 612 lats
163 551 283 630 planitie
305 551 500 611 dimicandum
523 553 593 613 fore.
648 552 758 614 Omnes
780 554 871 612 iermd
897 551 1089 611 Parmenioni
1112 568 1170 615 κ)
1189 553 1241 598 30

73 647 292 706 assentiebant:
315 647 520 725 Polyspercon,
535 647 613 706 haud
634 648 722 709 dubie
737 649 766 706 in
781 669 815 707 eo
828 647 949 706 oonsilio
963 647 1088 724 positam

73 742 229 800 victoriam
251 741 452 801 arbitrabatur.
497 741 590 812 Quem
611 743 727 801 intuens
749 726 824 820 Rex,
847 742 1004 819 (⁰namque
1018 741 1089 800 Par·

74 837 240 920 menionem
254 857 344 913 nuper
356 837 455 894 acrids
468 838 556 914 qudnr
570 838 661 904 uellet
682 839 864 914 increpitum,
878 839 983 896 rursus
1005 837 1089 894 easti-

73 950 147 1010 gare
168 950 226 989 non
248 931 430 1009 sustinebat)
452 933 487 965 ⁷“
499 931 770 1006 Latrunculorum,”
795 933 899 1010 inquit,
914 935 972 989 “et
991 912 1089 990 furum

74 1027 136 1084 ista
149 1026 268 1092 solertia
282 1033 328 1084 est
340 1045 428 1104 quam
448 1027 607 1103 praecipitis
620 1027 708 1102 mini;
731 1027 838 1105 quippe
858 1027 975 1084 illorum
988 1033 1097 1100 rotam,
1118 1039 1131 1083 t
1145 1039 1171 1082 2
1195 1026 1214 1075 3
1228 1024 1270 1069 Γ

73 1122 197 1180 unicum
211 1129 264 1198 est,
277 1121 395 1180 fallere.¹
431 1120 507 1180 Meae
520 1122 588 1180 verb
608 1121 711 1201 gloriae
730 1141 844 1199 semper
857 1128 909 1179 aut
929 1121 1089 1180 absentiam

75 1216 174 1290 Darii,
189 1223 241 1274 aut
254 1216 402 1293 angustias
422 1215 560 1289 locorum,
575 1224 625 1276 eut
638 1215 766 1274 Efurtum
787 1217 882 1275 noctis
904 1215 1019 1276 obstare
1030 1235 1089 1274 nou

73 1312 188 1389 patiar:
217 1312 315 1388 paldm
338 1311 403 1368 luce
428 1311 547 1390 aggredi
571 1318 682 1369 certum
702 1319 755 1370 est.
798 1312 878 1370 Malo
898 1331 944 1370 me
963 1312 1108 1371 fortunae.

73 1407 228 1485 poeniteat,
243 1409 331 1485 quam
348 1406 476 1466 victoriae
496 1406 611 1483 pudeat.
654 1406 704 1464 Ad
717 1407 779 1466 haee
792 1406 865 1465 illud
885 1426 998 1485 quoque
1011 1425 1087 1466 acce·

74 1502 140 1560 dit:
161 1502 277 1578 vigilias
297 1521 382 1580 agere
406 1499 558 1575 Barbaros,
574 1508 604 1560 et
624 1501 655 1559 in
676 1502 764 1561 armis
787 1509 874 1575 stare,
887 1509 923 1560 nt
942 1522 978 1560 ne
993 1501 1088 1579 decipi
1098 1537 1107 1547 -
1117 1503 1168 1561 4²
1181 1491 1215 1552 5(
1225 1499 1256 1540 θ

73 1596 196 1675 quidem
220 1595 340 1673 possint,
355 1601 534 1672 compertum
558 1594 658 1655 habeo.
701 1595 808 1674 Itaque
827 1597 866 1654 ad
885 1596 1017 1673 praelium
1037 1615 1088 1657 vos

73 1692 206 1769 parate.”
249 1689 298 1750 sie
312 1690 448 1748 incitatos
463 1689 500 1747 ad
513 1709 633 1767 corpora
647 1691 775 1749 curanda
789 1691 908 1749 dimisit.
1057 1759 1063 1766 ,

137 1788 184 1844 50.
208 1785 317 1843 Darius
328 1784 411 1858 illud,
419 1783 497 1862 quod
509 1785 664 1844 Parmenio
674 1793 813 1860 suaserat,
823 1787 935 1845 hostem
945 1786 1088 1844 facturum

74 1901 141 1940 esse
163 1883 333 1958 conjectans,
348 1881 485 1939 fraenatos
509 1899 597 1958 equos
622 1888 708 1954 stare,
727 1900 916 1959 magnamque
939 1881 1089 1941 exereitus

73 1984 191 2055 partem
205 1975 235 2032 in
249 1975 337 2034 armis
351 1993 423 2048 esse,
438 1975 471 2032 ao
485 1975 602 2052 vigilias
616 1975 771 2033 intentiore
785 1979 857 2032 curt
870 1975 980 2033 servari
998 1977 1094 2052 jusso-⁴
1115 1986 1172 2060 καὶ
1188 1990 1291 2047 css*

25 2101 31 2110 ·
73 2080 131 2131 rat.
176 2071 255 2148 Mrgd
271 2070 385 2148 ignibus
400 2077 463 2128 tota
477 2072 541 2146 ejus
562 2077 658 2128 eastra
670 2069 830 2148 fulgebant
874 2069 945 2147 Ipse
958 2089 1025 2128 cum
1038 2070 1089 2129 du·

7 2167 12 2174 '
74 2167 160 2227 cibus
184 2166 409 2245 propinquisque
432 2165 546 2245 agmina
570 2166 601 2224 in
625 2165 713 2225 armis
739 2165 880 2227 stantium
903 2165 1087 2243 circumibpt3

74 2262 194 2323 'Solem
219 2262 356 2334 Mithran,
372 2264 542 2339 sacrumque
563 2269 593 2319 et
612 2270 754 2321 aeternnm
775 2261 913 2321 invocans
935 2262 1040 2341 ignem,
1054 2270 1090 2321 ut

74 2358 138 2418 illis
154 2358 269 2434 dignam
284 2350 382 2417 terere
396 2356 500 2435 glorie,
513 2359 714 2435 majorumque
733 2359 927 2416 monumentis
940 2358 1088 2416 fortitudi'·
1115 2384 1121 2394 ·

73 2458 144 2513 nem
168 2452 350 2529 inspirarent.
393 2450 435 2509 Mt
454 2452 583 2528 profeotd
599 2452 617 2480 ¹⁰
625 2452 651 2511 si
671 2472 730 2530 qua
751 2452 859 2511 divinae
881 2452 944 2529 opis
969 2453 1100 2531 auguria
1113 2460 1129 2503 s
1143 2460 1164 2501 2
1180 2438 1239 2492 Π

73 2550 205 2609 humant
228 2555 325 2605 mente
349 2546 460 2623 concipi
484 2554 610 2624 possent,
637 2547 743 2606 nDeos
768 2554 844 2606 stare
868 2566 973 2607 secum.
1016 2546 1089 2607 Illos

73 2664 170 2722 nuper
197 2641 391 2701 Macedonum
418 2641 521 2701 animis
549 2643 677 2701 subitam
703 2642 859 2702 incussisse
885 2643 1088 2703 formidinem:

76 2740 203 2798 ¹'adhue
230 2736 394 2814 lymphatos
421 2737 491 2795 ferri
518 2737 634 2818 agique,
663 2757 743 2795 arma
766 2738 921 2815 jacientes:
953 2746 1093 2821 expetere·

75 2833 224 2895 Prmsides
239 2826 522 2909 Persamm'imperii
537 2832 614 2890 Deos
638 2832 967 2892 debitasaveeordibus
979 2826 1087 2910 panas.
1116 2874 1121 2881 -

76 2932 142 2991 Nec
168 2929 186 2957 ¹⁸
195 2929 290 3005 ipsum
318 2927 420 2986 ducem
448 2928 590 2985 saniorem
618 2946 698 2987 esse:
727 2928 844 3006 quippd,
868 2928 930 2985 ritu
951 2928 1088 3003 ferarum,
1110 2929 1263 2984 lass
1289 2925 1290 2964 t

75 3025 207 3105 praedam
227 3023 321 3097 medei,
336 3042 422 3101 quam
444 3030 600 3100 expeteret,
615 3022 787 3099 intuentem,
801 3022 831 3080 in
846 3023 1010 3099 pernitiem,
1024 3044 1090 3103 qum
1152 3085 1157 3094 ,
1289 3011 1290 3014 ¹

76 3129 145 3181 ante
159 3118 286 3197 praedam
297 3118 393 3196 posita
406 3125 490 3192 esset,
503 3118 657 3193 incurrere.
699 3117 810 3178 Similis
823 3118 901 3195 apud
916 3117 1089 3179 Macedones

75 3234 192 3296 quoqne
210 3212 375 3273 sollicitudo
399 3220 477 3289 erat,
499 3219 680 3291 noctemque,
694 3213 777 3273 velut
796 3214 826 3272 in
846 3233 910 3273 eam
932 3216 1090 3294 certamine

76 3312 182 3384 edicto,
197 3316 277 3367 metu
291 3314 418 3385 egerunt
462 3307 632 3365 Alexander
644 3328 703 3367 non
716 3308 791 3367 alias
805 3309 898 3387 magis
912 3310 1089 3385 territus,ad
1148 3353 1153 3360 »

75 3416 145 3467 vota
169 3411 200 3463 et
222 3422 322 3482 preces
347 3402 554 3461 Aristandrum
578 3404 675 3461 vocari
696 3404 787 3479 jubet
830 3403 887 3463 Ille
911 3405 942 3463 in
965 3406 1089 3478 eandida
1104 3423 1121 3467 s
1137 3412 1224 3463 260

75 3499 319 3576 cremasteras
332 3518 419 3557 manu
431 3499 595 3575 praeferens,
607 3500 701 3575 capite
711 3499 817 3574 velato,
829 3499 848 3528 ¹⁴
855 3500 978 3576 praeibat
991 3520 1089 3577 preces

76 3598 164 3675 Regi,
195 3595 311 3667 Jovcm,
341 3593 503 3651 Minervam
532 3593 749 3672 Victoriamque
776 3591 954 3671 propitianti.
1008 3594 1089 3653 Tunc

75 3692 194 3775 quidem
209 3690 347 3749 sacrificio
362 3689 418 3745 ritd
432 3695 609 3765 perpetrato,
624 3688 769 3766 reliquum
788 3690 883 3747 noctis
904 3689 1090 3767 requieturus

75 3792 105 3849 in
119 3785 340 3849 tabernaculum
354 3784 450 3843 rediit.
493 3784 552 3843 Sed
563 3802 615 3841 nec
629 3802 760 3842 somnum
774 3802 884 3861 capere,
895 3804 949 3841 nee
961 3784 1118 3861 quietem
1187 3786 1199 3813 '·

76 3886 136 3967 pati
145 3888 272 3965 poterat.
316 3879 406 3939 Medd
417 3900 433 3939 e
443 3882 514 3957 jugo
525 3879 632 3937 montis
643 3880 734 3937 aciem
744 3878 774 3960 ip
786 3878 921 3936 dextrum
934 3878 1089 3938 Persarum
1113 3873 1164 3917 ἴ)
1176 3865 1227 3925 45
1234 3860 1251 3876 ⁹
