2592 4400
172 359 189 413 4
497 368 635 410 cnara
665 365 859 408 canneru

168 515 257 570 motus,
270 509 338 576 quod
349 507 442 559 milites
453 507 544 558 caelesti
555 505 621 570 igne,
634 507 691 555 cdm
701 505 788 555 fanum
798 502 826 552 in
837 500 959 554 suburbio
974 500 1119 568 spoliarent,
1132 515 1190 551 am·

169 591 238 642 busti
258 589 415 642 dicebantur.
457 587 602 639 Alexander
619 585 787 637 Athenienses
805 585 906 634 ulturus
924 590 1047 650 tanquam
1066 587 1189 632 auctores

169 671 315 724 deiectionis
323 672 458 730 Thebana,
468 673 559 735 etpost
567 669 665 718 cladem
675 671 819 733 receptores
830 667 978 731 elapsorum,
987 664 1188 715 Demosthenem

169 752 225 812 sibi,
238 759 263 802 et
275 751 460 811 Charidemum,
473 757 500 801 et
513 749 658 816 Ephialtem
674 749 787 814 aliosque
803 746 873 796 tradi
890 747 1009 812 postulat
1043 744 1187 809 legatione

170 839 255 884 autem
267 835 383 882 effectum
395 837 439 892 cst,
451 836 481 882 ut
492 848 537 882 rex
547 830 623 882 solius
635 827 781 881 charidemi
791 826 867 878 exilio
877 827 1043 894 placaretur]

542 1069 802 1101 ...ῃ-ῥφφ-η-

539 1304 716 1410 ⁸LIBER
743 1303 803 1364 ΙΙ.

609 1477 747 1512 ARGUHM·

200 1584 337 1648 Alexander‘s
346 1606 418 1646 march
426 1605 481 1644 from
490 1604 612 1645 Macedonia
621 1605 712 1655 through
721 1604 801 1644 'Pbrace
809 1603 874 1643 tothe
883 1602 1012 1652 Hellespont.
1031 1600 1066 1640 lle
1074 1611 1153 1641 orasses
1162 1604 1185 1641 to

169 1673 225 1712 Asla
252 1669 717 1722 ThapreparatlonsoithePersiansagainst
726 1669 762 1709 the
775 1669 928 1709 Macedoniana
954 1667 1074 1706 Alexander
1082 1667 1185 1706 sacrltlcas

169 1737 237 1777 tothe
252 1737 310 1778 Gods
325 1737 366 1776 and
382 1737 467 1776 Heraea.
493 1735 562 1776 Battle
575 1735 646 1776 ottho
661 1735 770 1774 Granicus
795 1734 842 1773 'I'he
856 1733 924 1773 burtsl
937 1733 1009 1772 ottho
1024 1733 1077 1772 dead
1092 1733 1134 1772 and
1147 1734 1184 1772 the

111 1803 118 1818 ¹
170 1804 248 1842 honora
256 1803 362 1843 bestowed
370 1811 427 1852 upon
436 1802 500 1842 thena
527 1801 561 1841 He
569 1803 663 1841 receives
671 1801 707 1840 the
715 1799 988 1840 surrenderolsomecttles
997 1798 1038 1838 and
1046 1798 1185 1838 mkeaotbers

169 1869 198 1918 by
207 1871 280 1924 storin
308 1868 328 1907 A
337 1867 382 1917 plot
390 1868 471 1918 malost
480 1867 515 1906 the
524 1866 592 1917 hlng's
601 1866 636 1906 lite
644 1867 664 1906 ts
671 1865 799 1907 discovered.
825 1865 871 1904 The
883 1865 956 1904 merch
969 1864 1060 1914 through
1070 1864 1106 1904 the
1113 1873 1185 1914 persea

168 1934 193 1974 oi
198 1934 274 1974 noent
284 1933 366 1974 Gllmax
374 1933 416 1972 and
425 1931 490 1973 battle
499 1932 551 1972 with
560 1932 597 1972 the
604 1929 714 1972 Plsldians.
740 1930 786 1970 'I'he
799 1930 895 1982 strength
903 1929 927 1970 of
937 1930 973 1969 the
982 1929 1079 1970 Persam
1086 1930 1105 1968 ts
1112 1929 1183 1970 weak-

170 1999 223 2040 ened
232 1999 261 2050 by
272 1999 308 2038 the
317 1999 380 2042 death
389 1998 412 2038 ot
417 1999 525 2038 Memnon.

219 2125 392 2192 [Annxaunna
405 2123 506 2176 Gracia
516 2125 592 2175 rebus
604 2123 755 2191 compositis,
767 2129 793 2174 et
804 2122 1021 2175 administratione
1030 2120 1103 2186 regni
1110 2121 1183 2173 Anti·

170 2212 245 2274 patro
257 2206 392 2267 commisse,
403 2206 431 2255 in
441 2206 535 2256 bellum
547 2206 682 2267 Persicum,
695 2207 728 2256 ad
739 2205 808 2272 quod
819 2223 845 2255 se
856 2204 956 2271 pridem
972 2210 1115 2270 paraverat,
1127 2221 1183 2271 pro·

169 2289 289 2347 fecturus,
308 2286 414 2351 triginta
433 2285 512 2336 millia
530 2286 654 2352 peditum,
672 2293 699 2336 et
717 2286 830 2353 quinque
850 2286 966 2352 equitum
984 2300 1069 2335 secum
1088 2285 1180 2335 educit

170 2368 286 2427 classem,
296 2384 371 2434 quum
378 2368 453 2434 juxta
461 2368 544 2417 lacum
553 2367 705 2419 Cercinitem
713 2373 739 2417 et
746 2367 886 2434 Strymonis
895 2366 959 2417 ostia
966 2367 1086 2426 habebat,
1095 2368 1182 2417 eodem

170 2448 243 2515 sequi
249 2447 331 2515 jubet
366 2449 494 2499 Abderam
506 2453 532 2498 et
542 2450 688 2498 Maroneam
699 2454 896 2514 pretergressus,
908 2453 935 2498 et
945 2448 1032 2498 Hebro
1043 2464 1073 2498 ac
1084 2449 1181 2497 Melane

170 2529 255 2580 fluviis
266 2528 386 2596 trajectis,
397 2528 516 2579 vicesimo
529 2528 577 2589 die,
589 2534 725 2594 postquam
741 2529 814 2578 domo
828 2528 983 2588 discesserat,
995 2531 1093 2578 Sestum
1103 2528 1179 2579 venit

169 2613 240 2661 Sesto
258 2611 396 2660 Elaeuutem
412 2611 539 2675 profectus
556 2626 601 2659 rex
612 2609 757 2669 Protesilao,
770 2610 814 2676 qui
831 2611 939 2676 Trojano
958 2609 1025 2659 bello
1043 2608 1139 2675 primus
1154 2609 1181 2659 in

170 2693 257 2742 Asiam
269 2690 363 2741 dicitur
374 2691 464 2757 pedem
480 2689 601 2749 intulisse,
613 2690 716 2740 inferias
734 2691 818 2740 dabat
853 2692 953 2741 Interea
970 2689 1103 2741 Parmenio
1115 2707 1181 2741 exer·

171 2772 251 2823 citum
268 2774 338 2822 Sesto
349 2772 470 2838 Abydum
488 2770 685 2837 transportavit3
703 2788 749 2821 rex
765 2772 878 2821 Eloeunte
895 2769 923 2819 in
940 2776 1042 2837 portum
1052 2772 1180 2832 Achaeum,

171 2852 215 2920 qui
233 2854 267 2903 ad
284 2853 391 2917 Sigaeum
409 2857 454 2912 est,
466 2852 572 2918 trajecit
604 2852 706 2911 Darius,
724 2852 899 2903 Godomannus
909 2850 1011 2916 vulgari
1028 2850 1135 2913 nomine,
1152 2856 1180 2902 eh
1272 2907 1273 2910 ,

171 2938 320 2999 tempestate
330 2950 376 2983 rex
386 2934 519 2983 Persarum
531 2938 593 2992 erat,
605 2934 682 2999 paulo
694 2938 753 2983 ante
764 2931 876 2998 Philippi
893 2949 986 2991 necem,
997 2937 1103 2998 propter
1112 2933 1181 2983 belli·

171 3030 226 3063 cam
238 3015 328 3063 samam
340 3022 365 3063 et
376 3029 455 3077 genus
467 3014 563 3077 aregio
580 3015 644 3064 forte
656 3030 707 3062 non
725 3013 842 3073 alienum,
853 3012 919 3062 inid
929 3012 1058 3079 fastigium
1071 3021 1178 3064 evectus
1272 3027 1273 3042 ³

171 3094 228 3154 Hic,
238 3097 362 3144 contemti
371 3094 508 3143 Alexandri
516 3094 660 3160 juventute,
670 3094 753 3144 omnia
761 3094 873 3144 securius
882 3095 986 3158 agebat:
1005 3094 1111 3159 cognitis
1121 3112 1179 3145 vero

170 3176 254 3235 rebus,
266 3192 329 3241 quae
347 3174 417 3240 epu'd
435 3177 541 3234 Groecos,
553 3174 672 3235 Thracas,
684 3180 711 3225 et
721 3174 821 3241 Illyrios
838 3181 956 3239 gesserat,
967 3179 1062 3225 summe
1079 3175 1105 3226 ae
1122 3180 1180 3226 curt
1271 3189 1272 3192 ’

171 3253 276 3305 instanti
287 3256 353 3305 bello
365 3256 533 3321 praeparabat,
545 3254 625 3305 missis
643 3272 744 3323 quoque
755 3256 782 3304 in
794 3256 924 3316 Graeciam,
936 3256 981 3322 qui
991 3257 1107 3307 mercede
1119 3257 1179 3306 mili-
1271 3257 1272 3262 ’

171 3343 222 3387 tem
234 3338 409 3387 conducerent
443 3339 497 3387 Nec
509 3336 670 3386 mercenariis
681 3337 762 3397 modo,
774 3339 818 3387 sed
829 3336 953 3387 universis
964 3336 991 3386 in
1001 3336 1127 3387 maritima
1137 3341 1179 3387 ort

171 3417 250 3484 copiis
267 3420 425 3467 Memnonem
442 3416 577 3477 Rhodium,
589 3417 673 3467 uirum
691 3417 869 3483 peritissimum
886 3417 923 3467 rei
941 3418 1044 3478 bellica,
1063 3418 1176 3484 prefecit

171 3502 201 3548 In
213 3498 301 3549 mediis
312 3499 470 3564 Hellesponti
485 3498 606 3549 fluctibus
617 3499 672 3549 Diis
682 3500 759 3549 maris
775 3516 847 3549 sacra
864 3499 930 3559 fecit,
942 3505 969 3549 et
980 3501 1077 3549 delatus
1088 3497 1115 3548 in
1125 3518 1178 3549 con-

172 3578 341 3638 tinentem,'in
352 3577 468 3627 hostilem
480 3594 569 3643 agrum
581 3579 695 3644 jaculum
711 3567 821 3639 immisit,
832 3578 979 3645 primusque
990 3580 1022 3629 de
1033 3579 1093 3629 navi
1105 3580 1186 3645 prosi,

171 3658 234 3707 liene
245 3660 310 3708 Dece
322 3663 440 3724 precatus
452 3664 495 3718 est,
507 3676 539 3709 ne
551 3676 577 3708 se
588 3675 673 3723 regem
690 3658 739 3708 illae
750 3665 824 3708 terra
839 3657 949 3709 inritum
967 3659 1116 3726 acciperent
1149 3662 1176 3710 In

172 3737 218 3788 Ilio
230 3753 330 3805 quoque
340 3738 373 3789 ad
381 3739 489 3787 tumulos
500 3739 612 3800 heroum,
622 3738 667 3805 qui
675 3740 782 3805 Mauo
793 3740 859 3790 bello
868 3740 1019 3800 ceciderant,
1028 3740 1174 3806 parentavit

179 3820 214 3870 ex
226 3817 273 3868 Ilio
283 3818 451 3877 rexArisben,
458 3818 504 3869 ubi
515 3824 599 3870 castra
609 3821 730 3880 habebat,
741 3820 860 3871 revertit:
873 3820 933 3871 inda
944 3823 1109 3887 Lampsacum
1119 3838 1175 3888 pre·
