2592 4400
150 386 188 443 40
460 325 644 448 ”curari
671 401 812 440 coarrr

149 541 240 618 puppi
264 545 421 614 oneratam,
435 540 479 598 ita
491 545 526 598 ut
539 539 667 598 multllm
690 558 776 617 prora
799 539 945 613 emineret,
960 539 1103 599 bitumine
1123 559 1160 600 so

150 635 288 712 sulphure
313 634 419 693 illitam
443 633 530 694 remis
554 634 789 694 concitaverunt:
810 640 841 692 et
860 637 924 692 eiam
946 653 1081 713 magnam
1099 635 1161 694 rim

149 731 229 789 venti
243 729 307 790 vela
323 749 436 808 quoque
455 729 660 807 concepissent,
674 729 808 788 celeriter
822 729 860 788 ad
879 728 985 788 molem
1009 731 1159 789 successit.

151 825 233 882 Tunc
248 828 335 901 prore
349 826 412 900 ejus
426 829 555 898 accense,
570 824 693 902 remiges
707 823 842 882 deailitre
856 823 1109 902 inscriptusque
1121 825 1162 884 ad

71 896 203 978 dirtos
219 919 315 996 ipsum
339 926 508 996 praeparate
532 919 734 996 sequebantur.
777 918 870 976 Navis
893 924 1001 1000 autera
1015 919 1160 996 ignecon·

149 1021 240 1090 cepto,
253 1014 344 1072 latiis
354 1013 475 1074 fundere
486 1013 651 1073 incendium
665 1013 772 1090 eoepit:
786 1013 872 1092 quod,
882 1013 1051 1092 prinsquam
1057 1022 1162 1091 posset
1200 1028 1217 1063 ὲ

149 1109 269 1184 occurri,
281 1116 385 1183 turres,
397 1115 427 1168 et
441 1117 545 1168 caetera
559 1128 645 1185 opera
656 1109 686 1166 in
701 1108 813 1186 ¹capite
825 1109 910 1166 molis
923 1109 1019 1193 pqsita
1031 1128 1159 1186 eompre-

149 1204 256 1274 hendit.
287 1204 395 1282 Atqui
409 1203 577 1262 desilierunt
591 1203 622 1260 in
632 1223 722 1279 parva
734 1203 859 1280 navigia,
870 1203 958 1276 faces,
973 1210 1003 1262 et
1015 1203 1160 1282 quidquid

149 1299 251 1358 alendo
272 1299 334 1377 igni
355 1306 454 1376 aptum
479 1306 550 1372 erat,
566 1299 597 1356 in
610 1299 710 1357 eadem
735 1318 823 1375 opera
846 1299 990 1378 ingerunt
1032 1299 1159 1377 Jamque

77 1381 206 1486 ²Jlnon
229 1393 315 1472 nmdd
340 1393 531 1452 Macedonum
551 1401 655 1467 turres,
677 1393 729 1452 sed
752 1393 840 1452 etiam
862 1393 994 1452 ¹summa
1017 1393 1158 1468 tabulata,

149 1495 340 1564 conceperant
363 1488 475 1567 ignem:
505 1489 573 1546 orlm
597 1489 627 1562 ii,
653 1489 704 1566 qui
727 1488 759 1546 in
782 1489 913 1548 turribus
931 1489 1027 1563 seram,
1050 1489 1159 1565 partim

150 1585 334 1642 haurirentur
348 1583 498 1659 incendio,
520 1584 627 1660 partim
642 1583 731 1641 armis
745 1583 860 1642 omissis
873 1583 904 1640 in
916 1601 996 1642 mare
1009 1583 1159 1659 semetipsi

149 1680 346 1761 immitterent.
398 1680 443 1737 At
470 1678 561 1756 Tyrii,
585 1678 636 1756 qui
662 1677 783 1755 'capere
806 1696 864 1751 eos,
887 1677 974 1756 quim
997 1678 1157 1737 interficere

149 1766 277 1848 mallent,
287 1774 450 1832 natantium
460 1791 562 1832 manus
573 1773 723 1850 stipitibus
734 1772 890 1852 saxisquel
974 1772 1053 1846 bant,
1066 1773 1157 1832 donec

80 1871 99 1924 3
102 1870 153 1950 pt*
150 1869 298 1930 debilitati
312 1869 427 1946 impune
441 1868 565 1946 navigiis
579 1867 675 1945 excipi
694 1874 828 1946 possent:
849 1792 1048 1926 nedibbbndio
1062 1867 1157 1926 soldm

151 1985 237 2043 opera
251 1971 429 2042 consumpte,
445 1962 495 2022 sed
509 1964 584 2021 fortd
599 1962 701 2022 eodem
715 1963 762 2021 die
775 1963 971 2022 vehementior
983 1970 1086 2022 ventus
1098 1981 1156 2020 mo

111 2081 119 2088 ’
149 2068 211 2138 tum
235 2080 272 2118 ex
290 2060 433 2137 profundo
457 2078 536 2116 mare
550 2059 634 2116 illisit
653 2058 685 2116 in
707 2058 822 2132 molem,
837 2057 1000 2136 crebrisque
1021 2057 1157 2118 fluetibus

149 2173 300 2233 compages
324 2154 418 2233 operis
439 2154 598 2214 verberatas
622 2173 654 2213 sa
677 2152 820 2226 laxavere,
842 2171 966 2231 saxaque
990 2152 1156 2213 interfluens

149 2249 367 2309 undamedium
380 2268 451 2327 opus
476 2249 563 2325 rupit.
607 2248 744 2307 Prorutis
767 2247 857 2325 igitur
870 2248 1000 2324 lapidum
1023 2248 1154 2323 cumulis,

8 2368 22 2435 p
28 2345 254 2433 pwuquibus
268 2346 375 2422 injecta
389 2351 466 2403 terra
486 2344 692 2416 sustinebatur,
706 2362 834 2420 praeceps
847 2343 879 2400 in
892 2343 1066 2419 profundum
1085 2345 1154 2417 ruit,

149 2449 294 2518 tantasque
318 2439 403 2499 molis
417 2439 467 2499 vix
486 2438 547 2497 ulla
560 2438 683 2516 vestigio
702 2437 823 2510 invenit,
838 2436 876 2518 ab
890 2437 1005 2497 Arabia
1030 2438 1183 2512 rediens,'.

149 2536 326 2596 Alexander.
385 2560 438 2589 u*
458 2502 686 2613 immam
703 2561 718 2571 ·
752 2504 920 2610 (fram

199 2635 256 2704 l2.
278 2628 501 2708 ⁴H10(qu0d'in
516 2627 643 2688 adversis
657 2627 745 2687 rebus
758 2626 833 2685 solet
844 2626 920 2704 fieri)
934 2626 1009 2687 alius
1022 2627 1052 2685 in
1066 2628 1156 2687 alium

149 2727 262 2804 culpam
276 2726 430 2799 referebat,
446 2726 513 2783 edm
534 2742 632 2783 omnes
645 2723 766 2783 ‘verius
779 2721 815 2779 de
830 2722 946 2781 saevitia
964 2722 1054 2781 maris
1074 2723 1173 2806 queri
1282 2731 1287 2767 -’

8 2822 272 2902 qfdaepossent.
313 2821 400 2879 ‘Rex
414 2821 483 2880 novi
497 2820 592 2897 operis
602 2818 707 2877 molem
721 2836 812 2891 orsus,
824 2818 855 2875 in
865 2817 1016 2875 adversm
1026 2824 1155 2890 ventum,

148 2938 204 2975 non
228 2918 328 2990 latere,
345 2916 396 2975 sed
419 2917 500 2975 recte
519 2916 622 2989 fronte,
636 2912 759 2971 direxit:
780 2913 958 3000 'emeretera
978 2912 1156 2988 operavelut
1207 2926 1219 2943 ·

149 3012 203 3071 sub
217 3012 281 3087 ipsa
295 3010 416 3068 latentia
429 3009 575 3069 tuebatur.
619 3007 820 3066 Latitudinem
834 3025 947 3085 quoque
968 3007 1067 3083 aggeri
1079 3006 1156 3084 adje-

148 3109 197 3179 oit,
218 3114 253 3163 ut
277 3112 374 3163 turres
398 3104 428 3161 in
451 3103 547 3162 medio
572 3109 686 3175 erectae,
706 3102 808 3179 procul
827 3090 884 3161 ¹teli
908 3103 990 3177 jactu
1013 3101 1154 3193 abessent.

149 3195 240 3261 'lotas
256 3206 350 3259 eutem
365 3198 481 3257 arbores
493 3217 558 3257 cum
568 3197 736 3273 ingentibus
749 3196 858 3255 remisi
888 3196 981 3255 altum
991 3197 1154 3272 jaciebant:

8 3306 64 3393 [qo
84 3284 251 3362 Weindd
267 3294 344 3353 saxis
358 3292 523 3355 onerabant.
566 3292 686 3350 Rursrls
706 3291 821 3351 cumulo
836 3310 869 3381 ep
935 3291 1023 3385 με
1038 3292 1155 3351 arbores
1285 3338 1286 3343 κ

147 3375 324 3467 injiciebant.
368 3386 443 3445 dum
463 3388 568 3445 humus
595 3387 795 3465 aggerebatur,
815 3386 848 3445 ‘s
905 3379 1055 3467 rqud'selit
1074 3395 1175 3455 strue,
1205 3412 1219 3435 ι
1285 3403 1286 3444 ;

8 3490 28 3601 Ι
147 3504 281 3543 saxorum
295 3482 487 3561 arborumque
502 3482 661 3555 cumulate,
675 3483 756 3544 velut
769 3383 904 3564 qood&
914 3471 991 3566 nexu
1004 3481 1155 3539 continens

146 3600 218 3658 opps
230 3582 395 3655 junxerant.
438 3577 467 3635 N
469 3597 500 3635 eo
516 3578 607 3655 Tyrii,
618 3576 761 3655 quidquid
772 3577 810 3634 ad
823 3575 1034 3658 impediendam
1048 3575 1154 3633 molem

147 3674 307 3752 excogitari
338 3679 463 3752 poterat,
497 3674 624 3751 segniter
658 3672 897 3751 exsequebantur.
952 3671 1154 3747 'Praecipuum
1283 3607 1287 3790 ἵ

8 3754 287 3856 Ῑῄᾲρξαιηῦἰιιω
301 3776 370 3843 erat,
385 3768 435 3847 qui
449 3767 549 3845 procul
569 3767 696 3826 hostium
710 3773 866 3843 conspectu
886 3766 1021 3826 subibant
1039 3784 1154 3845 aquam,

146 3863 316 3943 occultoque
330 3864 413 3942 lapsu
427 3862 464 3923 ad
478 3863 582 3921 molem
596 3860 902 3939 usque-penetrabant,
914 3859 1040 3920 falcibus
1054 3859 1154 3937 palmi·
1191 3927 1196 3936 ι
1282 3893 1286 3905 .
