2592 4400
420 429 542 470 arana
570 429 625 470 ιν.
659 430 744 471 ose.
776 431 847 470 vrr.
1098 415 1134 471 51

125 573 189 626 tum
203 567 369 645 peregrinos
383 567 458 625 ritus
478 571 555 626 novt
569 569 712 628 subeunte
731 570 856 628 fertum.
899 569 959 628 Per
972 568 1047 628 talos
1061 570 1186 648 enim„

41 645 265 750 fflpirautis
287 663 350 720 lora
372 664 496 738 trajecta
517 669 593 736 sunt,
608 664 817 742 religatumque
831 664 868 722 ad
882 685 998 723 currum
1022 669 1137 724 traxere
1175 650 1207 694 '¹

124 758 204 816 circa
216 758 315 818 urbem
331 758 412 836 equi3
435 758 577 835 gloriante
599 758 681 835 Rege
695 759 850 832 Achillem,
866 780 883 817 a
900 781 958 838 quo
971 781 1061 838 genus
1075 761 1137 838 ipse

125 852 293 926 deduceret,
308 853 455 910 imitatum
470 871 500 910 se
515 871 576 910 esse
591 854 719 929 poentio
734 854 846 912 hostem
867 856 1015 932 capienda.
1059 855 1137 915 (leci-

126 947 197 1043 dbpe
212 948 368 1036 Permrum
384 948 573 1025 Arabumque
594 948 671 1007 circa
684 968 704 1005 x
726 948 834 1023 millia,
855 969 909 1007 neo
930 949 1138 1010 Macedonibus
1147 948 1170 1006 C
1172 938 1239 1052 ’τι

126 1043 279 1102 incruenta
290 1043 490 1109 victoriasfuit.
535 1042 658 1103 Obsidio
673 1042 752 1102 certe
766 1063 824 1102 non
838 1051 896 1102 tam
909 1045 1043 1103 claritate
1056 1045 1137 1105 urbis
1148 1071 1192 1127 ῃ

52 1127 283 1212 ἢπὴὶΙίωῐα
297 1147 351 1212 est,
365 1139 453 1216 quam
475 1139 620 1216 geminato
642 1139 772 1216 periculo
793 1138 895 1219 Regis,
909 1140 960 1218 qui
975 1139 1137 1217 AEgyptum
1187 1131 1193 1141 ’

126 1233 206 1292 adim
220 1233 370 1307 festinans,
385 1233 546 1310 Amyntam
566 1253 631 1292 oum
653 1234 752 1293 decem
773 1234 941 1294 triremibus
955 1235 985 1292 in
1007 1235 1137 1294 Macedo·

125 1327 205 1386 niam
229 1328 297 1386 ²⁸ad
322 1328 539 1406 inquisitionem
563 1347 702 1388 novorum
726 1329 852 1388 militnm
875 1330 961 1388 misit.
1004 1328 1192 1408 Naque‘s

126 1423 237 1502 praeliis
258 1425 346 1482 etiam
367 1422 544 1482 secundis·²⁰
554 1424 754 1484 atterebantur
773 1425 878 1502 copiae3
905 1421 1172 1504 devictarumqned
1187 1415 1256 1474 ὁδ’

126 1519 258 1596 gentium
273 1519 370 1589 militi,
385 1518 509 1578 ⁸⁰'minor
523 1521 610 1597 quam
625 1519 784 1578 domestico
798 1521 868 1578 fides
881 1520 1049 1579 habebatur.

66 1625 142 1700 ρ»
190 1613 266 1673 VII.
289 1618 335 1673 27.
360 1613 496 1692 AEgyptii
512 1617 519 1644 ¹
532 1615 602 1672 olim
617 1615 774 1672 Persarum
788 1615 891 1692 opibus
904 1615 1017 1687 infensi,
1032 1615 1138 1693 quippe

128 1709 217 1767 avard
232 1716 263 1767 et
287 1709 410 1786 superbe
435 1710 634 1786 imperitatum
657 1710 713 1768 sibi
734 1729 797 1768 esse
817 1711 980 1782 credebant,
1001 1711 1038 1768 ad
1059 1729 1138 1786 spem
1151 1729 1193 1758 m·

127 1803 273 1862 adventris
288 1806 351 1881 ejus
366 1811 517 1863 erexerant
537 1805 657 1884 animos,
671 1805 774 1882 utpote
788 1805 839 1883 qui
852 1804 1012 1882 Amyntam
1025 1802 1138 1882 quoque
1152 1855 1165 1872 „
1213 1802 1221 1829 “

128 1899 318 1977 transfugam,
334 1907 363 1958 et
377 1900 461 1957 'cum
475 1899 605 1975 precario
628 1899 748 1976 imperio
761 1898 922 1958 venientem
943 1899 1006 1957 laeti
1019 1899 1144 1975 recepis.
1153 1880 1240 1996 67⁴0

129 1986 203 2052 s'eut.
248 1993 346 2072 Igitur
359 1995 459 2069 ingens
475 1992 633 2051 multitudo
648 1993 809 2066 Pelusium,
824 1997 884 2070 qut
897 1994 1058 2051 intraturus
1072 1993 1140 2052 Rex
1150 2028 1199 2071 ς

43 2088 293 2189 fidebatur,
315 2095 496 2149 convenerat.
539 2089 639 2166 Atque
662 2075 715 2146 ille
738 2088 862 2166 septimo
885 2088 941 2164 die,
956 2096 1108 2168 postquam
1123 2109 1141 2146 a
1191 2072 1200 2092 ⁸

130 2182 233 2244 'Gant
260 2183 357 2263 copias
388 2190 526 2261 moverat,
554 2183 584 2243 in
611 2183 758 2263 regionem
790 2183 925 2264 AElgypti,
952 2206 1038 2264 quam
1063 2204 1195 2259 nuncuss

129 2282 251 2339 ‘casm
284 2279 456 2339 Alexandri
481 2286 594 2354 vocant,
623 2280 766 2357 pervenit
810 2280 924 2339 Deinde
957 2281 1141 2358 pedestribus
1161 2271 1207 2357 q*

72 2414 88 2429 „
108 2370 222 2454 ‘sdrpiis
238 2374 389 2435 Pelusium
402 2382 502 2453 petere
524 2376 623 2452 jussis,
637 2376 702 2455 ipse
724 2395 791 2434 cum
813 2375 950 2454 expedite
964 2376 1141 2435 delectorum
1158 2367 1261 2465 (ss

130 2466 227 2545 manu,
244 2470 314 2529 Nilo
329 2490 410 2529 amne
424 2477 526 2530 vectus
539 2477 592 2529 est.
646 2470 710 2529 Nec
724 2472 889 2530 sustinutre
908 2459 1142 2549 adventum'ejus
1163 2514 1214 2574 Ψ,

70 2566 242 2653 fflersae,
266 2564 425 2624 defectione
448 2585 561 2644 quoque
585 2566 742 2642 perterriti.
794 2566 922 2645 Jamque
944 2567 1022 2625 haud
1042 2566 1143 2645 procul
1212 2556 1220 2574 ”

133 2661 266 2739 Memphi
280 2669 359 2737 erat;
381 2660 411 2717 in
426 2662 508 2736 cujus
523 2660 658 2737 praesidio
673 2661 806 2719 Mazaces
828 2661 944 2721 Praetor
966 2662 1049 2721 Darii
1062 2662 1142 2721 relic·

133 2764 192 2830 tus,
217 2756 323 2834 ⁶[ostio
346 2755 437 2813 amnis
462 2755 622 2833 superato],
651 2756 818 2833 octingenta
838 2756 948 2814 talenta
964 2756 1142 2831 Alexandro,
1178 2812 1186 2833 ,

133 2870 304 2930 omnemque
319 2850 427 2927 regium
450 2850 658 2927 supellectilem
673 2848 802 2908 tradidit.
845 2850 874 2907 A
889 2850 1028 2927 Memphi,
1043 2850 1144 2910 eodem
1164 2839 1250 2899 ΜΟ

133 2936 252 3006 flumine
265 2954 375 3020 vectus,
390 2945 446 3004 ‘ad
461 2946 599 3004 interiora
610 2944 735 3024 AEgypti
749 2953 897 3023 penetrat3
920 2947 1144 3025 compositisque
1153 2974 1207 3017 μ

169 3042 232 3119 bus,
246 3042 288 3099 ita
301 3048 336 3099 ut
349 3041 424 3099 nihil
437 3061 474 3099 ex
488 3041 583 3118 patrio
599 3040 809 3121 AEgyptiorum
828 3060 907 3099 more
921 3048 1053 3120 mutaret,
1066 3042 1146 3101 adire
1202 3024 1212 3051 ⁸¹

136 3139 160 3199 J
161 3138 225 3198 ovis
240 3137 411 3195 Hammonis
426 3136 574 3195 oraculum
588 3138 700 3195 statuit.
794 3154 797 3157 ’

185 3236 246 3291 Δ28.
290 3231 361 3305 Iter,
385 3232 530 3309 expeditis
551 3251 666 3310 quoque
689 3239 719 3289 et
740 3230 840 3309 paucis
853 3230 905 3290 vix
926 3231 1086 3305 tolerabile,
1107 3234 1147 3291 in·

135 3327 328 3415 gradiendum
342 3334 404 3385 erat
417 3346 423 3386 :
439 3331 518 3385 terre
529 3327 657 3405 coeloque
668 3347 807 3405 aquarum
820 3328 941 3404 penuria
956 3344 1019 3387 est:
1034 3328 1148 3386 steriles
1160 3310 1219 3367 W

138 3442 235 3482 arenae
252 3424 365 3498 jacent3
400 3440 471 3499 quas
498 3422 549 3481 ubi
576 3441 665 3498 vapor
689 3421 758 3480 solis
786 3422 924 3495 accendit,
951 3422 1062 3481 fervido
1087 3422 1208 3505 soloe,

67 3506 280 3615 firmente
303 3517 434 3593 vestigia,
457 3516 650 3575 intolerabilis
672 3525 762 3576 aestus
787 3517 904 3575 existit:
926 3516 1150 3593 luctandumque

140 3622 186 3673 est
199 3632 257 3671 non
271 3613 387 3671 tantdm
402 3632 465 3669 cnm
481 3612 580 3670 ardore
595 3619 624 3669 et
636 3612 767 3670 siccitate
780 3611 916 3688 regionis,
928 3612 978 3669 sed
990 3612 1076 3668 etiam
1085 3628 1152 3669 cum

140 3708 325 3768 tenacissimo
348 3707 456 3783 sabulo,
472 3707 569 3785 'quod
590 3707 743 3784 praealtum
766 3712 796 3763 et
809 3706 931 3783 vestigio
946 3706 1050 3762 cedens
1074 3704 1169 3783 aegrd'.
1199 3770 1213 3803 ἱ

143 3804 303 3863 moliuntur
330 3802 427 3880 pedes.
485 3801 559 3859 Haec
588 3800 725 3879 AEgyptii
752 3820 822 3859 vero
856 3802 965 3875 majora
995 3795 1233 3879 jactabantt'qd

144 3899 203 3959 sed
238 3899 340 3976 ingens
375 3896 479 3973 cupido
514 3896 637 3954 animum
675 3895 845 3954 stimulabat
877 3892 1003 3952 adeundi
1037 3893 1199 3971 Jovemffi

346 3996 506 4053 r
583 4037 591 4069 ,

1149 1557 1189 1608 q
1290 1624 1294 1629 ἡ
