2592 4400
365 474 487 514 ninnn
515 475 605 515 v111.
636 477 722 517 car.
752 476 842 517 v111.
1052 462 1107 523 195

81 612 201 690 fugam,
227 612 300 673 belli
328 614 407 689 jure,
432 615 639 692 persequimur.
696 614 742 675 Τιι
777 616 954 676 Macedonas
987 616 1107 677 voluisti

80 707 255 787 gennetibi
268 726 384 784 ponere,
399 710 590 788 venerarique
611 718 642 769 te
662 718 696 769 ιιι
717 707 820 769 Deum.
864 710 910 771 Τιι
936 712 1106 791 Philippum

80 812 205 881 patrem
220 805 239 833 ¹⁰
246 805 397 879 aversaris,
413 811 443 863 et
465 806 570 883 siquis
585 806 714 866 Deorum
729 816 796 865 ante
819 807 842 867 J
844 828 925 867 ovem
939 808 1105 884 haberetur,

79 900 240 957 fastidires
253 899 339 958 etiam
355 899 470 958 Iovem.
504 900 636 962 'Miraris
655 902 681 959 si
698 902 784 961 liberi
798 902 928 962 homines
942 906 1106 981 superbiam
1185 937 1189 941 ·

81 1002 170 1052 tusm
184 996 264 1053 ferre
277 1013 334 1053 non
348 997 524 1073 possumust
567 994 647 1066 Quid
669 1016 818 1074 speramus
832 1018 868 1057 ex
883 1005 921 1072 te,
935 999 1040 1077 quibus
1055 1010 1106 1059 ant

81 1089 253 1148 insontibus
275 1090 457 1150 moriendum
483 1098 536 1166 est,
557 1098 618 1166 aut,
634 1091 713 1169 quod
740 1092 857 1153 tristius
881 1100 974 1153 morte
997 1102 1050 1169 est,
1075 1095 1106 1153 iu

82 1186 234 1245 servitute
248 1185 428 1245 vivendum?
471 1186 518 1245 'Iu
530 1188 657 1265 quidem,
673 1187 698 1246 si
713 1188 860 1248 emendari
873 1196 964 1267 potes,
979 1188 1105 1249 multum

82 1283 160 1339 mihi
175 1282 271 1341 debes.
314 1281 363 1341 Ex
377 1302 424 1341 me
438 1283 514 1341 enim
527 1284 602 1342 scire
617 1283 732 1362 coepisti
746 1284 824 1362 quod
838 1285 956 1365 ingenui
970 1286 1103 1345 homines
1205 1328 1211 1339 .

81 1379 165 1437 ferre
189 1398 249 1437 non
272 1386 402 1456 possunt.
457 1377 503 1437 De
530 1386 635 1438 caetero
666 1398 752 1457 porco
776 1380 831 1455 his,
856 1400 979 1459 quorum
1005 1382 1104 1441 orbem

81 1480 270 1532 senectutem
297 1475 449 1552 suppliciis
477 1495 514 1534 ne
542 1476 715 1534 oneraveris.
759 1474 823 1535 Nos
849 1477 921 1553 jube
945 1477 1050 1551 ¹¹dnci,
1071 1485 1105 1536 ιιι

81 1570 167 1648 qnod
194 1589 231 1627 ex
258 1573 312 1627 tut
338 1578 433 1630 morte
459 1572 647 1649 petieramus,
676 1591 885 1652 consequemur
913 1592 950 1633 ex
976 1560 1104 1634 nostrsst’

84 1665 166 1724 Hsec
181 1663 367 1724 Hermolaus.
507 1670 512 1681 ’

150 1759 247 1819 VIII.
270 1766 317 1821 27.
349 1761 394 1821 At
419 1760 495 1836 Rex,
528 1760 652 1832 “Quam
678 1761 750 1821 falsa
772 1762 861 1835 sint,’'
885 1762 986 1841 inquit,
1011 1766 1028 1796 “
1039 1782 1105 1840 quse

82 1856 145 1914 iste
173 1856 284 1915 tradita
305 1878 323 1915 a
347 1856 487 1935 magistro
512 1876 564 1915 suo
592 1856 678 1932 dixit,
700 1858 845 1934 patientia
872 1876 937 1915 mea
958 1856 1102 1916 ostendit.

84 1950 280 2011 ¹Confessum
293 1951 371 2010 enim
383 1952 519 2011 ultimum
541 1952 661 2027 facinus,
675 1958 771 2011 umen
793 1958 828 2010 ιιι
840 1970 892 2013 vos
904 1970 1026 2031 qnoque,
1047 1968 1105 2009 non

83 2046 185 2105 schim
206 2046 276 2124 ipse,
302 2046 451 2121 audiretis,
473 2046 618 2124 expressi,
648 2047 726 2104 ’non
749 2046 925 2125 imprudens,
952 2050 1016 2105 cnm
1042 2064 1104 2123 per·

83 2140 234 2202 misissem
254 2142 322 2201 huic
345 2141 451 2201 lstroni
474 2142 578 2218 dicere,
604 2161 724 2200 usurum
751 2161 816 2202 eum
843 2142 932 2218 rabie,
952 2145 1010 2222 qua
1031 2160 1105 2202 com·

82 2239 191 2316 pulsus
212 2244 267 2312 est,
287 2244 322 2296 nt
340 2256 395 2312 me,
415 2256 501 2317 quem
522 2236 653 2315 parentis
673 2236 735 2297 loco
754 2237 847 2298 colere
868 2237 995 2314 deberet,
1015 2237 1106 2298 vellet

85 2332 246 2392 occidere.''

149 2427 279 2504 “Nuper
300 2434 364 2485 cum
384 2425 536 2504 procacius
562 2446 593 2486 se
619 2425 651 2484 in
677 2426 828 2487 venatione
854 2427 998 2508 gessisset,
1023 2446 1103 2487 more

84 2523 191 2601 patrio,
205 2530 236 2581 ct
249 2523 287 2581 cb
299 2522 507 2600 antiquissimis
521 2522 702 2582 Macedoniae
715 2522 844 2602 Regibus
857 2530 1006 2603 usurpato,
1019 2522 1104 2582 casti-

83 2619 151 2698 gsri
175 2636 242 2676 cum
263 2618 346 2694 jussi.
389 2617 455 2675 Hoc
474 2623 504 2676 et
526 2623 641 2695 oportet
660 2617 739 2692 ferri,
755 2624 786 2677 et
805 2619 903 2678 ferunt
922 2637 939 2676 a
960 2617 1105 2678 tutoribus

83 2712 202 2792 pupilli,
216 2733 234 2770 a
253 2712 365 2771 maritis
384 2731 508 2772 mores:
528 2712 621 2771 servis
643 2732 754 2792 quoque
774 2731 877 2790 pueros
899 2713 987 2789 hujus
1006 2711 1105 2772 aetatis

84 2809 242 2868 verberare
253 2807 443 2868 consedimus
486 2808 560 2866 Haec
580 2813 627 2864 est
647 2806 761 2866 saevitia
773 2807 805 2864 in
817 2806 912 2883 ipsum
926 2825 998 2881 mea,
1019 2825 1104 2884 quam

85 2902 179 2980 impis
192 2903 270 2962 caedc
283 2902 376 2961 voluit
389 2900 499 2962 ulcisci
542 2901 620 2960 Nam
641 2901 673 2958 in
693 2906 818 2974 caeteros,
833 2899 884 2978 qui
903 2899 975 2958 mihi
989 2899 1104 2977 permit-

86 3004 156 3056 tunt
169 2996 216 3055 uti
228 2996 344 3076 ingenio
356 3015 429 3072 meo,
441 2999 530 3075 quim
549 2995 631 3055 mitis
645 2995 709 3070 sim,
732 3014 789 3055 uon
811 2994 962 3074 ignoratis,
983 3001 1012 3053 et
1031 3013 1104 3053 com·

85 3111 247 3153 memorare
260 3111 467 3170 supervacuum
478 3092 550 3151 est.'‘

148 3192 167 3223 “
178 3187 338 3246 Hermolao
345 3185 551 3263 parricidarum
562 3184 702 3262 supplicis
715 3181 772 3244 non
786 3183 910 3261 probari,
924 3184 992 3244 culm
1005 3184 1105 3244 ecdem

86 3283 151 3361 ipse
163 3280 310 3356 meruerit,
324 3280 441 3338 minime
460 3277 577 3338 hercule
597 3280 731 3340 admiror.
774 3278 849 3338 Nam
863 3282 927 3337 cnm
941 3279 1105 3338 Parmenio·

86 3397 153 3436 nem
167 3384 199 3435 et
222 3375 370 3435 Philotam
393 3374 503 3450 laudat,
517 3394 578 3434 susa
598 3373 689 3433 servit
710 3391 810 3433 causae.
852 3372 1024 3451 Lyncestem
1036 3375 1105 3433 verb

88 3471 289 3532 Alexandrum
302 3470 348 3530 bis
361 3469 531 3528 insidiatum
551 3468 642 3547 capiti
662 3487 725 3527 meo
748 3488 766 3526 a
779 3467 890 3528 duobus
903 3467 1020 3526 indiciis
1035 3468 1105 3526 libc-

88 3568 161 3628 rcv’u
204 3566 322 3626 Rursris
345 3565 517 3638 convictum,
529 3564 583 3641 vper
604 3562 760 3623 biennium·
772 3569 868 3620 tamen
892 3561 1002 3635 distuli,
1016 3561 1106 3620 donec

28 3661 33 3666 ’
57 3680 61 3689 ’
89 3682 140 3722 vos
166 3659 356 3740 postularetis
382 3667 417 3718 ut
444 3658 559 3718 tandem
590 3658 689 3717 debito
718 3656 858 3734 supplicio
885 3654 978 3714 scelus
1004 3655 1104 3715 lueret

89 3757 234 3829 Attalum,
245 3756 399 3832 antequdm
420 3753 487 3812 Rex
501 3772 602 3828 essem,
622 3752 735 3810 hostem
759 3770 823 3809 meo
838 3749 925 3828 capiti
946 3747 1035 3807 fuisse
1049 3767 1106 3807 ms-

89 3851 224 3910 ministia
268 3848 366 3909 Clitus
388 3848 501 3906 utinum
523 3866 582 3904 non
605 3846 804 3925 coegissetme
826 3843 882 3904 sibi
901 3842 1003 3902 irasci:
1025 3845 1107 3919 cujus

89 3944 273 4006 temerariam
286 3943 415 4024 linguam
427 3941 531 4020 probra
545 3941 666 4000 dicentis
679 3939 749 3998 mihi
763 3947 792 3998 et
812 3937 904 4013 vobis,
918 3937 1030 3998 diutius
1043 3936 1107 4012 tuli,
