2592 4400
397 428 518 468 arana
546 428 607 467 111.
638 429 724 468 oar.
756 427 846 466 v111.
907 434 916 467 a
1094 407 1128 462 19

115 573 219 646 utpote
243 567 384 641 innoxius,
406 565 444 624 ad
467 565 666 624 Alexandrum
687 583 761 643 smpe
784 564 895 624 deferre
916 561 1056 623 tentavit:
1078 561 1148 621 sed'

20 659 186 728 ls‘rfedm
199 668 244 724 tot
264 663 340 720 curis
358 668 551 740 apparatuque
570 661 640 721 belli
661 661 772 740 Regem
784 659 895 720 videret
913 657 1018 737 urgeri,
1032 657 1129 735 aptius

117 758 223 816 deinde
246 764 359 835 tempus
372 765 555 835 ‚exspectaus
578 755 767 833 suspicionem
794 755 859 813 initi
881 754 993 813 scelesti
1016 753 1130 813 consilii

116 853 250 931 praebuit.
293 851 426 930 Namque
440 851 570 929 epistole,
584 851 752 929 priusquam
761 850 789 908 ei
802 849 978 922 redderetur,
987 849 1017 906 in
1030 867 1130 917 manus

117 947 281 1036 Alexandri
295 955 471 1024 pervenerat,
485 947 643 1024 lectamque
658 966 720 1004 eam
739 945 831 1025 ignoti
851 945 949 1003 annuli
969 945 1066 1024 sigillo
1080 945 1129 1002 im·

117 1041 227 1121 presso,
252 1042 341 1102 Sisini
368 1041 432 1100 dari
455 1044 590 1118 jusserat,
613 1041 651 1099 ad
677 1040 875 1100 aestimandam
899 1040 985 1099 fidem
1005 1039 1129 1100 barbari.

40 1131 187 1212 crsthi,
209 1139 277 1216 quia
298 1157 350 1215 per
376 1137 532 1214 complures
559 1137 621 1196 dies
649 1156 707 1195 non
726 1135 839 1194 adierat
865 1136 983 1214 Regem,
1010 1117 1131 1194 scelesto

118 1233 239 1292 oonsilio
253 1251 315 1291 eam
325 1232 406 1291 usus
420 1239 464 1290 est
475 1232 680 1309 suppressisse,
702 1237 733 1290 et
746 1232 777 1288 iu
787 1231 900 1310 agmine
910 1249 927 1288 a
937 1230 1130 1304 Cretensibus,
1175 1220 1179 1227 ’

2 1369 6 1372 ·
118 1329 198 1386 haud
212 1327 297 1388 dubie
310 1329 394 1404 jussu
407 1327 505 1405 Regis,
519 1327 628 1386 occisus
642 1334 695 1386 est.

187 1422 281 1481 VIII,
308 1426 350 1480 18.
374 1422 396 1480 J
399 1443 444 1480 am
459 1422 556 1482 Graeci
575 1422 692 1495 milites,
706 1440 779 1500 quos
793 1421 959 1498 Thymodes
973 1441 991 1479 a
1005 1420 1132 1479 Pharna·

119 1519 192 1578 bauo
207 1525 372 1594 'acceperat,
387 1517 532 1594 praeoipue
554 1537 628 1595 spes,
643 1526 675 1576 et
687 1516 893 1595 propemodum
915 1518 1009 1591 unica,
1024 1517 1061 1574 ad
1076 1517 1131 1574 Da·

39 1614 198 1684 otfrium
211 1621 409 1690 pervenerant.
454 1612 497 1670 Hi
511 1631 684 1690 magnopere
704 1613 873 1686 suadebant,
887 1619 922 1671 nt
935 1620 1014 1670 retro
1029 1613 1131 1686 abiret,

122 1711 128 1736 ¹
141 1708 338 1786 spatiososque
350 1707 569 1784 Mesopotamiae
580 1727 695 1785 campos
705 1714 857 1785 repeteret.
900 1707 932 1766 Si
941 1707 971 1765 id
980 1707 1132 1766 eonsilium

120 1803 281 1876 damnaret,
297 1811 327 1861 at
341 1802 392 1860 ille
416 1801 559 1861 divideret
582 1803 685 1861 saltem
707 1802 805 1879 copias
829 1802 1062 1875 innumerabiles,
1075 1821 1133 1860 neu

83 1895 87 1902 '
121 1898 177 1957 sub
191 1917 281 1956 unum
300 1897 424 1955 fortunae
438 1896 528 1954 istum
553 1903 630 1954 totas
643 1896 721 1956 vires
744 1896 827 1974 regni
851 1896 953 1954 cedere
976 1903 1131 1972 pateretur.

122 1984 226 2052 Minus
239 1991 292 2050 hoc
306 1991 457 2050 consilium
472 1990 556 2068 Regi,
571 1991 660 2068 quiam
679 1991 847 2068 purpuratis
861 1994 924 2068 ejus
944 1991 1131 2068 displicebat:

42 2089 132 2169 4⁶⁶²
143 2091 160 2161 l‘
168 2087 335 2164 Ancipitem
345 2087 439 2160 fidem,
451 2094 481 2145 et
491 2084 620 2144 mercede
631 2086 761 2145 venalem
771 2084 963 2164 proditionem
973 2087 1132 2162 imminere,

122 2189 154 2243 et
169 2182 260 2241 dividi
283 2202 339 2241 non
362 2179 403 2242 ob'
421 2181 501 2241 aliud
526 2181 622 2259 copias
636 2181 720 2255 velle,
734 2183 823 2261 quem
835 2188 871 2240 ut
888 2181 945 2259 ipsi
966 2181 997 2241 in
1019 2182 1134 2243 diversa

122 2279 256 2357 digressi,
269 2278 375 2357 siquid
386 2277 567 2336 commissum
579 2284 656 2335 esset
667 2278 817 2336 traderent
828 2277 1006 2337 Alexandro.
1049 2279 1134 2338 Nihil

121 2374 216 2433 tbtius
230 2374 301 2446 fore,
312 2373 397 2451 quim
412 2372 603 2431 circumdatos
617 2390 667 2431 eos
681 2373 812 2431 exercitu
825 2379 888 2430 toto
899 2373 984 2431 obrui
998 2373 1074 2448 telis,
1086 2374 1133 2432 do·

122 2470 288 2527 cirmentum
302 2486 361 2525 non
382 2467 485 2526 inultae
507 2467 635 2545 perfidiae
649 2468 794 2525 futuros.''
836 2467 880 2525 At
893 2468 1008 2542 Darius,
1022 2476 1057 2526 ut
1071 2477 1134 2527 erat
1152 2488 1181 2520 δ,

52 2570 240 2630 castanetus
249 2570 279 2621 et
287 2562 376 2636 mitis,
386 2562 515 2621 “severd
524 2568 637 2620 tantum
646 2562 777 2621 facinus”
786 2566 970 2641 negat“ease
978 2564 1132 2638 iacturum,

122 2644 158 2717 ut
172 2677 253 2717 suam
267 2665 381 2717 secutos
395 2657 489 2731 fidem,
502 2676 568 2715 suos
579 2656 698 2731 milites,
710 2658 813 2734 jubeat
827 2658 975 2716 trucidari.
1019 2658 1133 2730 'Quam

85 2798 88 2813 .
122 2752 229 2812 deiude
243 2752 369 2829 amplius
382 2752 531 2810 nationum
547 2753 850 2811 exterarumselutem
864 2772 944 2811 suam
959 2754 1133 2813 credituram

122 2849 189 2922 sibi,
205 2848 230 2906 si
245 2854 289 2905 tot
309 2847 436 2905 militum
458 2848 597 2925 sanguiue
619 2847 773 2908 imbuisset
794 2848 919 2905 manus?
959 2848 1134 2909 ‘Neminem
1193 2921 1196 2927 Ι

123 2942 263 3003 stolidum
286 2942 437 3001 eonsilium
459 2943 553 3018 capite
576 2942 657 3000 luere
679 2942 792 3001 debere.
836 2942 996 3001 Deiutnros
1010 2963 1068 3019 eos,
1082 2946 1134 3023 qui

60 3070 82 3115 r,
88 3039 288 3115 ,comederent
301 3038 325 3096 si
337 3037 462 3095 suasisse
471 3037 629 3113 perieulum
642 3038 745 3096 esset.’'
778 3038 909 3115 Denique
918 3038 997 3115 ipsos
1005 3041 1133 3118 quotidie

123 3134 161 3193 ad
184 3154 214 3192 se
237 3133 335 3192 vocari
358 3132 386 3190 in
411 3133 571 3207 eonsilium,
587 3133 739 3211 variasque
762 3134 921 3192 sententias
942 3134 1047 3211 dicere,
1063 3138 1134 3195 'nec

123 3237 222 3287 tamen
236 3228 364 3287 melioris
378 3228 446 3313 fidei
460 3228 568 3301 haberi,
583 3229 633 3306 qui
646 3228 821 3305 prudentiris
836 3230 985 3289 suaserint
1029 3232 1134 3311 Itaque

124 3324 237 3384 Graecis
255 3323 386 3382 nunciari
406 3323 499 3401 jubet,
514 3323 632 3400 “ipsum
652 3324 770 3401 quidem
790 3324 998 3385 benevolentiae
1018 3327 1134 3387 illorum

122 3418 232 3497 gratias
244 3437 344 3495 agere3
360 3419 508 3492 caeterdm,
520 3418 545 3476 si
557 3425 634 3477 retro
648 3421 691 3477 ire
705 3426 808 3497 pergat
821 3420 999 3481 hauddubie
1013 3442 1134 3501 regnum
1163 3450 1169 3464 ·

39 3515 258 3577 erfhostibus
272 3512 455 3572 traditurum.
497 3513 607 3571 ‘Fame
620 3514 698 3573 bella
711 3522 804 3589 stere3
827 3522 857 3573 et
870 3536 936 3573 eum
950 3516 1000 3594 qui
1010 3518 1132 3593 recedat,

122 3611 224 3688 fugere
247 3608 333 3667 credi.
378 3608 524 3667 Trahendi
538 3610 605 3668 verb
627 3610 698 3669 belli
712 3611 763 3669 vix
784 3610 874 3669 ullam
897 3630 960 3669 esse
984 3612 1132 3672 rationem.

125 3704 229 3793 [lantes
251 3704 328 3763 enim
351 3704 542 3777 multitudini,
556 3704 659 3782 utique
673 3708 737 3763 clun
754 3708 815 3795 jam
834 3706 935 3782 hyems
957 3706 1089 3782 instaret,
1104 3709 1134 3765 in

122 3801 242 3877 regione
257 3802 350 3873 vaste,
362 3806 392 3857 et
406 3799 529 3857 invicem
543 3801 632 3857 esuis
646 3807 732 3879 atque
746 3801 829 3859 hoste
842 3804 958 3876 vexate,
968 3820 1025 3859 non
1036 3803 1133 3861 suffec-

123 3902 190 3955 tura
204 3896 349 3954 alimeuta.
394 3894 440 3953 Ne
455 3894 548 3954 dividi
562 3896 680 3972 quidem
701 3897 798 3973 copias
818 3913 912 3972 posse,
927 3904 1041 3956 servato
1056 3918 1134 3957 more
1163 3913 1167 3922 “
