2592 4400
351 424 473 466 arnan
504 424 596 464 v11r.
629 424 715 464 cnr.
744 423 827 466 xiv.
1038 404 1094 463 211

139 570 188 627 46.
211 566 283 627 Jam
306 564 434 643 undique
458 583 558 643 pugna
579 582 610 623 se
630 564 857 640 moverat‚c1lm
879 562 909 638 ii,
924 562 975 643 qui
995 580 1098 622 eunus

76 664 216 742 agebant,
231 662 305 720 illud
319 661 455 719 ultimum
478 660 620 719 auxilium
645 679 762 718 suorum
776 660 844 735 rati,
858 660 957 719 effusis
978 659 1098 721 habenis

77 760 110 817 in
136 758 268 817 medium
298 758 452 816 discrimen
474 776 558 814 ruere
583 762 739 833 coeperunt.
794 755 911 833 Anceps
932 755 964 841 id
990 756 1098 814 malurn

77 855 214 933 utrisque
238 860 309 911 erat.
362 852 439 911 Nam
464 859 494 910 et
516 851 710 910 Macedonum
730 851 844 929 pedites
871 851 965 929 primo
986 852 1100 929 impetu

79 949 300 1022 obterebantur,
315 954 346 1007 et
366 968 418 1026 per
440 947 553 1008 lubrica
567 954 657 1026 atque
671 947 749 1007 invia
763 946 886 1005 immissi
899 966 1002 1005 currus
1016 966 1099 1006 excu-

80 1044 198 1104 tiebant
212 1063 271 1118 eos,
285 1044 423 1123 aquibus
445 1041 628 1120 regebantur.
671 1042 807 1101 Aliorum
830 1042 942 1103 turbati
956 1042 1023 1122 equi
1042 1062 1099 1101 non
1211 1090 1217 1101 .

80 1141 112 1198 in
135 1140 293 1219 voragines
317 1139 403 1198 modd
427 1138 611 1217 lacunasque,
632 1137 684 1196 sed
709 1138 798 1197 etiam
819 1138 849 1196 in
869 1158 982 1197 amnem
1003 1138 1099 1215 praeci·

81 1238 215 1313 pitavere
230 1234 379 1293 curricula
423 1234 516 1306 Pauci
540 1223 638 1291 tamen
662 1232 789 1304 hostium
813 1233 881 1293 telis
901 1234 997 1292 exacti
1018 1252 1100 1311 pene

82 1335 201 1391 travere
215 1330 253 1389 ad
268 1330 385 1403 Porum,
400 1330 538 1388 acerrime
552 1348 678 1407 pugnam
700 1329 831 1387 cientem.
876 1328 918 1403 Is,
933 1336 967 1388 ut
981 1328 1100 1406 dissipa·

82 1434 130 1488 tos
158 1431 224 1486 tota
249 1427 311 1484 acie
334 1445 436 1483 currus
462 1425 564 1502 vagari
591 1424 654 1483 sine
674 1424 834 1485 rectoribus
855 1425 940 1500 vidit,
960 1424 1101 1503 proximis

82 1523 241 1581 amicorum
263 1520 415 1580 distribuit
434 1520 612 1598 elephantos.
663 1520 739 1579 Post
759 1540 808 1580 eos
829 1528 966 1599 posuerat
986 1522 1101 1600 pedites

82 1638 118 1677 ac
140 1617 310 1695 sagittarios
336 1623 473 1694 tympana
494 1616 611 1694 pulsare
633 1615 744 1675 solitos.
787 1616 825 1675 Id
846 1625 1001 1695 procantu
1021 1618 1102 1677 tuba·

82 1734 150 1771 rum
173 1712 260 1770 Indis
281 1718 352 1769 erat.
395 1711 424 1770 N
426 1730 459 1769 cc
473 1710 599 1787 strepitu
622 1730 721 1769 eorum
741 1710 958 1786 ’movebantur,
973 1711 1044 1771 olim
1065 1710 1102 1769 ad

82 1817 189 1867 notum
204 1828 306 1866 sonum
320 1806 439 1865 auribus
448 1806 597 1884 mitigatis.
640 1806 780 1865 Herculis
794 1807 979 1866 simulacrum
994 1806 1102 1884 agmini

83 1904 220 1981 peditum
240 1902 464 1980 praeferebatnr;
486 1902 518 1960 id
537 1902 693 1961 maximum
716 1910 780 1961 erat
806 1902 983 1963 bellantibus
1004 1902 1102 1961 incita·

84 2008 236 2058 mentum:
259 2006 288 2055 et
302 1998 464 2056 deseruisse
484 2004 633 2075 gestantes
653 1997 781 2055 militare
802 1997 946 2076 flagitium
960 1996 1103 2057 ‘habeba-

83 2104 144 2154 tur.
189 2092 303 2172 Capitis
324 2094 411 2151 etiam
433 2100 590 2151 sanxerant
612 2112 726 2170 poenam
748 2093 793 2167 iis,
821 2093 872 2172 qui
899 2112 937 2152 ex
964 2093 1025 2151 acie
1045 2112 1104 2152 non

84 2190 274 2266 retulissent3
296 2198 385 2264 metu,
399 2210 484 2268 quem
498 2188 555 2248 ‘ex
569 2188 621 2248 illo
635 2189 719 2248 hoste
739 2189 883 2268 quondam
904 2194 1102 2267 conceperant,

52 2346 56 2352 ,
85 2289 176 2347 etiam
198 2287 230 2344 in
249 2285 421 2364 religionem
440 2286 712 2363 venerationemque
738 2303 886 2346 converso.
929 2285 1104 2346 Macedonas

85 2404 146 2444 non
160 2383 323 2442 belluarum
337 2382 432 2457 modo,
447 2382 499 2441 sed
519 2383 608 2440 etiam
622 2382 714 2459 ipsius
735 2382 828 2460 Regis
842 2390 977 2460 aspectus
990 2403 1103 2460 parum·

85 2501 140 2559 per
162 2479 299 2538 inhibuit.
342 2477 466 2553 Belluae,
489 2478 639 2555 dispositae
661 2477 885 2554 intermistos,
900 2479 1025 2556 speciem
1046 2486 1104 2538 tur·

86 2573 165 2635 rium
179 2571 280 2653 procul
294 2575 431 2636 fecerant.
481 2573 550 2652 Ipse
565 2573 660 2633 Porus
674 2574 807 2634 humanae
820 2575 1027 2654 magnitudinis
1041 2594 1105 2657 pro·

85 2670 245 2749 pemodum
272 2676 436 2729 excesserat
461 2670 591 2728 formam.
644 2669 843 2748 Magnitudini
870 2671 998 2747 adjicere
1025 2670 1104 2730 vide·

87 2767 176 2826 batur
196 2764 303 2840 bellua,
324 2768 384 2844 quai
406 2765 576 2839 vehebatur,
591 2772 706 2823 tanturn
733 2765 807 2824 inter
828 2773 948 2824 caeteras
969 2763 1106 2844 eminens,

86 2868 231 2940 quantum
247 2859 312 2918 aliis
326 2860 388 2937 ipse
401 2859 566 2937 praestabat

149 2959 198 3016 47.
221 2955 326 3035 Itaque
341 2956 510 3014 Alexander
531 2955 744 3033 contemplatus
759 2963 788 3014 et
811 2955 932 3034 Regem,
954 2961 984 3013 et
1004 2974 1106 3033 agmen

88 3053 243 3125 Indorum,
272 3055 290 3084 “
303 3051 461 3126 Tandem,'’
490 3052 594 3130 inquit,
623 3056 704 3129 “par
731 3052 826 3110 animo
854 3069 917 3109 meo
944 3051 1105 3130 periculum

87 3149 185 3207 video.
230 3145 305 3206 (lum
318 3147 420 3206 hestiis
434 3147 563 3206 simulet
576 3167 642 3205 cum
656 3148 780 3226 egregiis
794 3147 866 3206 viris
879 3167 927 3208 res
942 3148 1015 3207 est.’'
1058 3147 1105 3208 In·

88 3254 233 3322 tuensqne
248 3240 378 3317 Omnem,
394 3244 410 3276 “
423 3241 500 3302 (blm
514 3244 593 3321 eg0,”
616 3243 720 3321 inquit,
743 3246 760 3277 “
771 3243 938 3322 Ptolemaeo,
952 3245 1118 3322 Perdicca·¹
1215 3262 1220 3272 ’

88 3359 156 3419 que,
185 3346 217 3397 et
244 3338 452 3416 Hephaestione
479 3339 642 3414 comitatus,
670 3340 701 3398 in
727 3328 833 3400 laevum
860 3341 988 3401 hostium
1016 3361 1105 3401 cornu

88 3437 233 3514 impetum
254 3435 359 3510 fecero,
382 3434 546 3513 viderisque
567 3455 612 3492 me
635 3435 665 3493 in
686 3435 783 3495 medio
806 3437 909 3496 ardore
930 3437 1104 3512 certaminis,

88 3531 176 3610 ipse.⁸
185 3531 323 3607 dextrum
335 3549 427 3607 move,
441 3538 472 3588 et
494 3531 620 3590 turbatis
634 3531 717 3609 signa
737 3532 819 3590 infer.
863 3532 917 3606 Tu,
932 3531 1104 3608 Antigenes,

90 3637 120 3686 et
143 3636 178 3684 tu
200 3627 348 3702 Leonate,¹
363 3633 393 3684 et
415 3626 541 3700 Tauron,
561 3627 738 3686 invehemini
759 3629 788 3686 in
810 3629 933 3686 mediam
954 3626 1053 3699 aciem,
1075 3635 1106 3684 et

89 3710 233 3802 urgebitis
254 3723 387 3781 frontem.
430 3723 534 3781 Hastae
553 3731 663 3782 nostrae
682 3723 837 3801 praelongae
857 3729 887 3780 et
907 3720 1012 3781 validae
1026 3723 1105 3779 'non

90 3820 163 3878 aliis
183 3819 278 3897 magis
301 3820 389 3897 quam
414 3819 553 3877 adversus
572 3819 693 3893 belluas,
714 3825 897 3895 rectoresque
918 3810 1017 3875 earum
1037 3816 1105 3876 usui

89 3938 151 3978 esse
169 3923 323 3998 poterunt.
365 3915 527 3974 Deturbate
542 3934 598 3989 eos,
619 3915 670 3993 qui
694 3914 846 3986 vehuntur,
868 3919 899 3971 et
919 3911 1017 3990 ‘ipsas
1038 3929 1103 3972 oon·
