2592 4400
185 411 224 470 u
531 427 671 479 ournrr
701 425 841 468 curru

62 559 172 628 ΜΝ
183 565 297 646 ingenti
310 566 389 628 caede
402 573 564 646 prostratos
578 565 685 641 hostes,
700 566 737 627 ad
751 566 886 626 ultimum
901 565 989 626 etiam
1009 564 1198 643 impedimen

184 661 223 720 tis
245 668 349 720 exutos
373 681 436 720 esse
459 662 614 720 nunciant:
636 661 744 740 quippe
767 661 896 720 eamdem
917 661 1065 719 fortunam
1088 660 1197 738 ubiqnd

183 775 248 814 esee
274 757 438 831 credebant,
467 764 496 816 et
523 758 648 816 victores
672 757 780 816 Persas
803 755 840 814 ad
860 755 989 833 praedam
1012 755 1196 814 discurrisse.

184 849 373 929 Sispgambis,
396 852 581 912 hortantibus
604 851 728 929 captivis
749 859 784 910 ut
805 851 932 910 animum
952 871 970 909 a
989 869 1113 908 moerore
1127 849 1197 908 alle·

173 954 274 1022 firmet,
289 946 320 1004 in
333 946 442 1020 eodem,
457 965 514 1025 quo
529 954 615 1005 antea
638 946 704 1022 luit,
717 945 922 1023 perseveravit
965 944 993 1005 N
996 963 1034 1004 on
1053 963 1111 1016 vox
1135 944 1198 1002 ulla

65 1021 164 1106 foll
183 1040 295 1104 excidit
321 1041 364 1117 ei;
399 1059 457 1100 non
488 1041 547 1100 oris
582 1042 661 1100 color
693 1041 828 1101 vultusve
855 1047 984 1098 mutatus
1018 1045 1083 1098 est:
1119 1039 1197 1097 sedit

133 1125 358 1196 ..·-immobilis:
390 1136 498 1212 (credo,
526 1135 674 1214 'praecoce
702 1135 809 1215 gaudio
836 1136 930 1195 verita
958 1135 1104 1193 fortunam
1130 1134 1197 1192 irri-

103 1251 105 1260 ’
182 1233 267 1308 aare)
282 1231 353 1290 aded
368 1239 410 1306 ut,
424 1231 495 1310 quid
515 1231 624 1305 mallet,
645 1231 827 1292 intuentibus
840 1250 913 1304 eam,
927 1230 1017 1290 inerit
1030 1229 1186 1288 incertum.

242 1329 289 1408 57.
313 1325 396 1385 Inter
423 1326 485 1385 brec
513 1325 647 1386 Menidas
675 1325 830 1404 praelectus
856 1326 986 1403 equitum
1019 1323 1197 1398 Alexandri,

182 1420 371 1496 campaneis
397 1420 503 1478 turmis
529 1439 612 1498 opem
639 1419 853 1498 impedimentis
880 1419 992 1478 laturus
1019 1419 1195 1494 advenerat3

62 1507 77 1557 l
86 1505 115 1572 l(
124 1501 348 1592 iff'ineertum,
370 1534 458 1574 suone
480 1515 610 1590 oonsilio,
635 1535 672 1574 an
696 1515 790 1594 Regis
812 1515 950 1592 imperio:
979 1514 1113 1573 sednon
1133 1533 1197 1573 sus

184 1608 272 1666 tinuit
288 1606 488 1684 Cadusiorum,
511 1609 741 1688 Scytharumque
761 1610 919 1688 impetum:
940 1609 1046 1690 qnippe
1060 1609 1112 1667 vix
1132 1615 1196 1666 teu·

183 1708 245 1761 tato
258 1703 424 1778 certamine,
441 1703 544 1784 effugit
557 1704 594 1763 ad
608 1704 729 1782 Regem,
737 1705 909 1762 amissorum
922 1703 1197 1781 impedimentorum

157 1875 159 1878 Ι
182 1798 267 1884 testis
289 1799 389 1878 magis,
403 1801 491 1878 quam
512 1799 627 1858 vindex.
669 1799 741 1858 Jam
763 1799 919 1858 consilium
932 1797 1096 1858 Alexandri
1119 1798 1197 1858 vioe

182 1900 228 1951 rat
254 1892 368 1970 ⁸dolnr,
394 1902 424 1954 et
450 1913 486 1952 ne
513 1914 582 1954 cura
611 1894 801 1971 recuperandi
827 1913 880 1954 sua
907 1893 1030 1952 militem
1052 1913 1070 1952 a
1090 1893 1197 1970 praelio

72 1964 334 2072 sqqeffverteret,
356 2009 414 2048 non
435 1989 579 2048 immerito
599 1990 759 2048 verebatur.
802 1988 907 2068 Itaque
930 1989 1061 2062 Aretem,
1090 1987 1197 2047 ducem

131 2063 153 2137 .“
184 2065 373 2159 hastatorum,
409 2085 666 2161 (⁸Sarisacphoroa
699 2085 862 2162 vocabant)
896 2084 1036 2144 adversus
1070 2083 1197 2162 Scythas

183 2179 284 2237 mittit.
327 2178 411 2238 Inter
423 2179 485 2239 haec
499 2199 608 2257 currus,
622 2180 641 2209 ¹⁰
651 2179 703 2258 qui
713 2179 790 2239 circa
802 2180 896 2257 prima
908 2179 991 2257 signa
1004 2179 1197 2239 turbaverant

183 2274 282 2348 aciem,
297 2274 328 2332 in
341 2274 513 2355 phalangem
526 2275 739 2336 investierunt.
791 2275 975 2349 Macedones,
990 2276 1008 2303 ¹¹
1018 2276 1197 2334 confirmatis

23 2340 87 2449 ,Γ
183 2369 296 2444 animis,
310 2368 341 2430 in
354 2367 480 2427 medinm
494 2390 596 2449 agmen
610 2371 763 2449 accipiunt.
806 2369 894 2430 Vallo
908 2370 1011 2441 similis
1025 2370 1102 2429 acies
1115 2378 1196 2447 erat3

66 2453 153 2535 lffls
188 2466 348 2541 junxerant
362 2464 468 2539 hastas,
484 2473 514 2523 et
527 2466 564 2525 ab
576 2474 701 2545 utroque
722 2466 813 2525 latere
826 2467 934 2525 temere
956 2466 975 2494 ¹²
985 2466 1197 2525 incurrentium

183 2559 234 2617 ilia
248 2558 458 2619 suffodiebant:
480 2560 631 2619 circumire
645 2562 750 2621 deinde
764 2580 874 2638 currus,
888 2575 919 2620 et
939 2560 957 2589 ¹'
966 2568 1198 2639 propugnatores

182 2654 364 2731 praecipitare
378 2661 534 2732 coeperunt.
577 2654 685 2734 Ingens
706 2656 791 2714 ruina
813 2675 952 2735 equorum
972 2655 1197 2734 aurigarumque

183 2749 274 2807 aciem
296 2749 500 2826 compleverat.
544 2750 587 2808 Hi
610 2751 729 2810 territos
751 2770 851 2829 regere
871 2770 930 2809 nou
955 2757 1106 2828 poterent:
1128 2752 1197 2829 equi

183 2832 284 2905 erchrd
313 2845 472 2923 jactatione
494 2844 646 2918 cervicum,
675 2864 733 2903 nou
758 2847 861 2922 jugum
888 2845 973 2903 modd
1000 2853 1197 2919 excusserant,

80 2945 96 3003 l
101 2933 142 3005 sd
147 2914 183 2983 5
184 2939 236 2997 sed
250 2939 339 2998 etiam
353 2958 455 2997 currus
478 2946 661 2998 everterant:
681 2939 1004 2999 vnlneratiinterfeotos
1024 2939 1196 2998 trahebant:

90 3093 95 3105 ,
183 3052 236 3091 nee
250 3033 406 3113 consistere
420 3034 524 3108 territi,
539 3053 593 3092 uec
605 3034 741 3111 progredi
755 3034 864 3093 debiles
877 3040 1018 3111 poterant.
1061 3033 1079 3063 ¹⁴
1088 3034 1197 3093 Pancoe

184 3136 279 3185 tamen
303 3130 419 3186 evandre
443 3129 594 3208 quadrigae
619 3133 650 3187 in
676 3129 809 3187 ultimam
836 3129 936 3202 aciem,
959 3129 1006 3203 iis,
1028 3128 1134 3207 quibus
1155 3129 1197 3185 in·

184 3221 326 3311 ciderunt,
341 3220 499 3282 miserabili
513 3232 605 3281 morte
620 3224 812 3301 consumptis;
834 3223 941 3303 quippe
962 3230 1110 3301 amputata
1122 3224 1197 3281 viro·

184 3338 248 3377 rum
262 3316 390 3376 membra
403 3317 484 3377 humi
495 3321 637 3396 jacebant.
682 3319 702 3348 ¹⁵
712 3318 755 3379 Et
767 3319 836 3398 quia
848 3319 950 3377 calidis
964 3318 1058 3377 adhuc
1071 3319 1197 3378 vulneri·

80 3406 143 3469 lii
153 3399 239 3474 ‘shus
261 3412 362 3473 aberat
376 3412 475 3487 dolor,
491 3415 587 3473 trunci
609 3432 732 3492 quoque,
746 3422 777 3473 et
790 3414 909 3488 debiles,
924 3434 1002 3472 arma
1021 3420 1117 3471 tamen
1138 3433 1197 3471 non

184 3508 373 3567 omittebant:
396 3508 487 3568 donec
510 3508 604 3570 multo
626 3510 766 3585 sangnine
788 3510 878 3567 effuso
893 3508 1051 3567 exanimati
1064 3527 1195 3585 procum-

184 3601 293 3665 herent.

245 3699 291 3755 58.
315 3696 440 3759 Interim
454 3696 571 3770 Aretes,
587 3695 770 3774 Scytharum,
784 3697 836 3775 qui
855 3696 1062 3775 impedimenta
1081 3695 1196 3773 diripis·

163 3788 263 3867 Ibant,
278 3790 349 3847 duce
364 3790 467 3861 occiso,
481 3790 596 3867 grevim
618 3791 730 3849 territis
750 3791 885 3851 instabat.
927 3791 1128 3868 Supervenere
1150 3791 1199 3851 de·

88 3870 166 3931 [Π]
186 3884 252 3941 inde
277 3886 356 3941 missi
383 3906 400 3943 a
425 3885 513 3942 Dario
534 3884 691 3959 Bactriani,
720 3906 880 3965 pugnaeque
899 3893 1012 3945 vertere
1038 3886 1194 3945 fortunam.
