2592 4400
167 374 225 434 190
515 385 656 447 quesn
686 384 825 429 onerer

164 524 711 609 Rgoeutnrerernimnortelitetem
733 541 835 603 prwor
855 522 1110 605 ngi,utetvite
1123 524 1193 585 diu·

162 631 252 683 turne
273 624 322 697 eit,
348 629 380 681 et
402 628 511 682 uterm
533 621 678 697 mejutes
734 618 892 679 Hominem
919 620 1105 699 ooneequitur
1133 622 1194 681 eli·

163 717 287 799 quondo,
307 735 455 796 nunquem
474 715 630 775 oomitetur
654 714 800 776 divinitus.
845 715 1003 775 Heroulem
1019 716 1145 791 ‘'modo,
1160 724 1195 775 et

164 820 279 891 petrem
299 812 450 886 Liberum,
472 817 648 871 ooneeomee
669 809 899 871 immortulitetis
920 809 1060 888 exemplo,
1083 811 1194 871 refere-

163 908 224 969 beu
273 906 413 968 credine
445 904 514 965 illos
546 904 634 965 unius
659 904 785 965 eonvivii
818 903 934 964 deoreto
962 904 1041 963 Deoe
1067 904 1195 965 leutos?

165 1002 257 1063 Pride
269 1002 308 1063 eb
320 1001 413 1061 oeulis
426 998 593 1059 mortnlium
606 999 728 1059 emolite
748 1006 854 1059 neture
867 1006 920 1074 eet,
934 1001 1023 1078 quem
1035 999 1068 1057 in
1081 1000 1193 1061 eaelum

163 1102 243 1159 teme
258 1098 436 1178 perveheret.
476 1096 625 1157 ¹'Seilioet
648 1114 703 1175 eqo
726 1103 757 1155 et
774 1102 817 1170 tu,
842 1095 922 1171 Oleo,
948 1096 1025 1157 Deos
1044 1096 1193 1157 lenimus!

164 1194 196 1254 Δ
220 1192 306 1254 nobie
332 1190 497 1253 divinitetis
523 1210 584 1251 eure
609 1190 811 1251 euetoritetem
836 1197 1004 1269 eoeepturus
1031 1198 1078 1251 est
1104 1192 1192 1251 Rexl

165 1290 184 1319 ¹¹
195 1288 366 1348 Potentiam
385 1294 466 1345 tuem
487 1285 614 1363 experiri
635 1284 718 1347 libet
774 1286 832 1345 Fue
856 1286 983 1365 eliquem
1006 1286 1132 1365 Regem,
1163 1287 1192 1346 si

164 1383 259 1443 Deum
279 1390 362 1460 potes
380 1382 484 1441 fetere.
525 1380 683 1441 ”lieoiliule
704 1386 749 1441 est
768 1380 919 1458 imperium
940 1380 1016 1455 dere,
1030 1384 1121 1461 quem
1135 1402 1194 1441 oee-

165 1478 234 1537 lum.
275 1476 357 1535 ”Dii
377 1474 495 1553 propitii
517 1474 580 1535 eine
601 1475 721 1550 invidie,
743 1494 809 1554 quse
832 1473 903 1535 (ileo
927 1474 1011 1549 dixit,
1032 1475 1194 1552 audierint,

165 1570 321 1649 eodemque
334 1590 432 1645 eursu,
443 1590 501 1650 quo
513 1570 623 1629 duxere
644 1568 738 1631 edbuo
758 1588 814 1644 ree,
828 1568 871 1629 ire
893 1570 1056 1646 potientur:
1079 1571 1194 1630 nostris

165 1665 296 1727 moribus
314 1664 408 1726 vetiut
428 1682 481 1723 noe
503 1682 567 1725 eree
589 1672 746 1725 eontentoe
789 1662 858 1723 Non
877 1661 970 1741 pudet
990 1662 1112 1740 petriae3
1136 1684 1194 1723 nee

168 1758 309 1835 desidere
323 1758 362 1819 ed
373 1778 459 1838 quem
480 1758 598 1819 modum
610 1759 678 1819 Rex
701 1757 773 1819 mibi
787 1757 923 1819 ooleudus
937 1758 985 1833 sit,
999 1778 1016 1817 e
1029 1758 1120 1819 vietis
1132 1760 1194 1819 die-

165 1874 238 1915 eere
280 1854 361 1925 Quor
382 1853 515 1934 equidem
533 1853 659 1915 vietoree
679 1872 744 1913 esee
767 1853 912 1928 oonfiteor,
925 1852 953 1911 si
965 1852 1002 1913 eb
1015 1852 1077 1913 illis
1097 1853 1192 1934 loges,

169 1950 252 2030 queie
265 1950 407 2023 vivemus,
420 1948 602 2027 eoeipimue'’

226 2047 274 2106 20.
296 2045 405 2123 AEquie
430 2044 551 2105 nuribus
585 2042 776 2117 Oelistbenes,
803 2040 895 2103 veluti
921 2040 1030 2102 vindex
1062 2042 1194 2120 publium

167 2139 324 2215 libertetie,
337 2140 518 2202 audiebatur.
560 2138 784 2217 ’‘Expresseret
805 2156 863 2198 nou
886 2136 1078 2198 assensionem
1090 2140 1191 2216 ruodo,

168 2235 220 2296 eed
232 2236 323 2294 etiem
334 2254 443 2311 voeem,
457 2234 602 2296 seniorum
622 2235 775 2313 prasinae,
789 2233 894 2313 quibus
915 2233 1013 2312 grevis
1033 2242 1097 2295 eret
1112 2236 1192 2296 inve-
1271 2247 1272 2279 l

168 2331 256 2390 tereti
278 2330 368 2394 moris
390 2337 510 2390 externe
528 2330 663 2410 mutatio.
705 2328 770 2388 Neo
790 2329 945 2409 quidquem
965 2329 1102 2404 ”eurum
1121 2351 1192 2409 ques

170 2426 295 2485 invicem
313 2427 425 2502 jeotete
446 2434 539 2499 erent,
553 2426 620 2486 Rex
642 2425 802 2504 ignorabat,
816 2426 884 2484 edm
897 2431 965 2502 post
977 2425 1108 2501 euleeem,
1122 2447 1192 2505 qum
1269 2459 1270 2502 ,

167 2520 439 2596 leotoeobduxeret,
452 2529 552 2582 steret
593 2509 692 2602 Igitur
713 2519 751 2580 ed
774 2519 865 2599 Agim
887 2528 917 2580 et
938 2520 1077 2581 Cleonem
1096 2523 1190 2599 misit,

166 2624 202 2676 ut
215 2635 346 2676 amone
357 2616 449 2690 linito,
461 2616 606 2678 Berberos
619 2618 746 2691 tentum,
759 2617 827 2674 edm
841 2615 988 2691 mutereo,
1001 2618 1191 2693 prooumbere

167 2731 221 2772 suo
232 2731 313 2772 more
325 2719 500 2789 paterentur.
542 2711 585 2770 Et
605 2711 781 2789 paulopost,
796 2711 907 2789 ’‘quesi
927 2711 1042 2789 potiore
1053 2712 1190 2790 quedem

168 2808 287 2886 egisset,
301 2807 465 2866 oonvivium
477 2805 593 2884 repetit.
635 2804 730 2876 Quem
751 2806 953 2878 venerantibus
977 2807 1086 2882 Persis,
1101 2807 1190 2886 Poly-

169 2919 298 2979 eperoon,
310 2901 363 2979 qui
385 2901 511 2962 eububet
525 2902 543 2929 ²⁷
556 2891 643 2978 super
668 2900 788 2978 Regem,
801 2920 891 2959 unum
906 2919 942 2959 ex
955 2900 1001 2960 his
1014 2907 1111 2960 mento
1124 2920 1190 2960 oon·

168 2996 328 3074 tingentem
359 2997 481 3055 humum
512 3015 564 3074 per
594 2995 754 3056 ludibrium
779 2996 866 3073 eoepit
894 2995 1015 3072 horteri,
1041 3003 1076 3054 ut
1103 2997 1189 3058 vehe-

167 3091 296 3149 mentirls
317 3090 348 3148 id
373 3097 504 3168 quetoret
530 3089 568 3150 ed
588 3100 711 3152 terrem:
741 3090 894 3170 elicuitque
920 3091 995 3151 irem
1014 3091 1189 3168 Alexandri,

167 3203 254 3263 quem
275 3183 373 3242 ”olim
394 3184 490 3243 enimo
512 3203 614 3262 oepere
636 3203 694 3244 nou
715 3192 835 3263 poteret
862 3185 992 3263 -Iteque
1014 3186 1090 3262 Rex,
1113 3187 1189 3246 “Tu

169 3280 296 3354 eutem‚’'
309 3279 415 3358 inquit,
430 3283 447 3313 “
455 3299 514 3338 non
526 3280 709 3340 venereberie
723 3299 768 3340 me
780 3280 793 3340 l
819 3280 868 3340 An
881 3281 935 3346 tibi
950 3281 1001 3340 uni
1014 3281 1096 3360 digni
1109 3283 1189 3342 vide-

167 3395 233 3434 mur
254 3393 318 3434 esse
339 3373 514 3435 ludibrio?”
555 3374 614 3434 Ille
627 3376 710 3434 ”neo
731 3376 844 3455 Regem
864 3375 999 3452 ludibrio,
1013 3396 1066 3437 neo
1079 3397 1111 3436 se
1124 3397 1189 3436 eon-
1261 3369 1262 3374 ¹

167 3478 281 3548 temptu
304 3469 424 3548 dignum
445 3488 508 3529 esse
530 3470 687 3547 respondit
731 3471 807 3530 'lum
833 3471 992 3530 detructum
1019 3491 1085 3530 eum
1112 3473 1188 3536 letto
1260 3471 1261 3486 ¹

168 3565 235 3624 Rex
260 3562 424 3642 prmoipitet
450 3562 481 3620 in
508 3571 622 3625 terrem.
682 3563 723 3622 Et
751 3567 819 3624 oum
841 3565 868 3624 is
892 3583 1000 3642 pronus
1020 3565 1187 3644 eorruisset,

168 3659 351 3733 “Videsne”
365 3658 469 3736 inquit,
483 3659 588 3718 “idem
612 3665 642 3718 te
665 3657 775 3734 feoisee,
789 3659 866 3737 quod
887 3659 919 3717 in
939 3659 998 3718 elio
1018 3660 1103 3738 poulo
1118 3665 1187 3720 ente
1258 3667 1259 3704 l

166 3751 280 3812 ridebee
291 3753 304 3812 l
314 3754 330 3784 '²
371 3753 415 3815 Rt
436 3753 515 3812 trudi
536 3772 570 3812 eo
582 3753 614 3812 iu
626 3751 788 3812 eustodiem
805 3755 897 3830 jusso,
911 3752 1075 3815 convivium
1089 3754 1186 3818 solvit

166 3846 388 3924 Polyeperoouti
398 3847 514 3926 quidem
527 3851 638 3926 posted,
652 3846 794 3925 eestignto
807 3848 869 3922 diu,
882 3847 1003 3926 ignovit

1257 3751 1258 3811 l

1256 3849 1257 3921 l

1254 3945 1256 4033 Ι
