2592 4400
400 356 524 397 arnan
550 358 623 397 vir.
654 357 741 398 oar.
770 358 803 397 v.
1054 340 1109 399 15⁷

88 498 216 573 jecerat,
237 496 302 555 init.
343 495 434 555 Utres
446 495 673 574 quamplurimos
694 496 861 557 stramentis
881 495 1107 556 refertos’divi·

84 591 138 651 dit.
185 591 244 650 His
257 590 425 668 incubantes
439 598 624 654 transnavere
644 611 775 653 amnem:
795 592 899 671 quique
911 592 999 677 primi
1013 600 1104 656 trans·

83 686 193 761 ierant,
206 688 238 745 in
257 686 382 746 statione
403 692 494 761 erant,
513 685 583 745 dum
604 686 774 762 trajicerent
795 687 900 747 caeteri.
943 687 1008 745 Hoc
1021 688 1107 745 modo

84 789 171 839 sexte
186 782 302 840 demum
315 780 363 839 die
375 780 407 839 in
419 780 558 839 ulteriore
570 781 635 858 ripa
650 788 745 840 totum
758 782 918 841 exereitum
932 783 1073 859 exposuit.

146 878 197 935 20.
219 876 347 954 Jamque
359 875 396 933 ad
409 874 637 953 persequendum
657 875 781 935 Bessum
802 882 943 935 statuerat
963 878 1107 957 progredi,

84 972 154 1027 erim
176 989 221 1045 ea,
234 990 300 1049 qnae
318 971 349 1029 in
370 969 523 1048 Sogdianis
542 978 634 1045 erant,
648 970 802 1049 cognoscit.
845 971 1025 1048 Spitamenes
1045 980 1108 1031 erat

84 1064 163 1123 inter
179 1084 278 1124 omnes
291 1064 398 1123 amieos
411 1064 555 1142 praecipuo
568 1064 675 1123 honore
688 1063 784 1124 cultus
799 1084 816 1123 a
830 1064 930 1124 Besso.
973 1064 1032 1125 Sed
1044 1066 1107 1124 nul·

84 1158 122 1216 lis
134 1159 251 1218 meritis
265 1159 385 1236 perfidia
403 1158 532 1237 mitigari
544 1166 659 1235 petest:
679 1178 744 1237 quas
764 1166 860 1219 tamen
878 1162 939 1236 jam
958 1160 1056 1219 minda
1077 1161 1107 1219 iu

84 1271 118 1311 eo
139 1252 239 1314 invisa
260 1272 323 1311 esse
335 1260 460 1331 poterat,
476 1253 571 1332 llquia
591 1252 668 1311 nihil
689 1253 744 1312 ulli
757 1254 901 1313 nefastum
920 1254 951 1313 in
972 1254 1107 1333 Bessum,

85 1347 302 1407 interfectorem
315 1348 408 1427 Regis
422 1350 477 1422 sui,
495 1348 661 1408 videbatur.
704 1351 721 1377 ¹¹
734 1350 852 1409 Titulus
860 1350 982 1410 facinori
1002 1350 1107 1429 specie

85 1461 136 1501 sus
148 1443 366 1521 praeferebatur,
390 1443 520 1502 vindicta
541 1443 633 1503 Darii
676 1443 735 1505 Sed
756 1446 912 1521 fortunam,
926 1465 984 1505 non
1006 1445 1107 1521 scelus,

85 1537 187 1595 ederat
201 1536 296 1597 Bessi.
339 1536 416 1595 Nam
430 1544 464 1595 ut
485 1537 687 1597 Alexandrum
710 1540 816 1597 flumen
838 1540 936 1601 Oxum
956 1545 1108 1619 superasse

84 1633 231 1710 cognovit,
254 1630 470 1708 Dataphernem
491 1639 522 1689 et
544 1629 691 1707 (latenem,
712 1633 817 1711 quibua
842 1634 970 1694 aBesso
983 1638 1108 1695 maxima

85 1727 156 1788 fides
181 1726 355 1802 habebatur,
378 1727 410 1785 in
437 1727 606 1786 societatem
628 1728 762 1806 cogitata
788 1730 831 1787 rei
858 1730 999 1791 adsciscit
1055 1729 1107 1789 Illi

86 1822 253 1900 promptids
266 1822 382 1898 adeunt,
395 1825 484 1901 quem
498 1823 692 1901 rogabantur;
714 1824 927 1901 assumptisque
939 1830 1003 1883 octo
1012 1824 1107 1883 fortis·

87 1917 168 1978 simis
179 1917 346 1995 juvenibus,
362 1919 381 1945 ¹²
391 1918 480 1977 talem
494 1917 593 1976 dolum
605 1917 768 1979 intendunt.
811 1918 992 1995 Spitamenes
1011 1919 1116 1997 pergit

89 2012 126 2069 ad
138 2013 277 2087 Bessum,
291 2019 329 2088 et,
343 2014 462 2072 remotis
476 2012 604 2087 arbitris,
619 2012 798 2089 comperisse,
813 2014 863 2089 ait,
879 2032 918 2089 se,
932 2013 1066 2073 insidiari
1080 2014 1106 2072 ei

89 2104 308 2186 Dataphernem
330 2116 361 2166 et
385 2106 531 2182 (latenem,
559 2115 594 2165 ut
621 2106 720 2168 virum
746 2106 914 2167 Alexandro
940 2108 1105 2168 traderent:

91 2201 264 2280 ”agitantes
277 2223 295 2262 a
308 2211 399 2262 semet
413 2209 566 2281 occupatos
585 2221 657 2277 esse,
673 2210 702 2260 et
721 2203 835 2262 vinctos
857 2204 956 2264 teneri.
998 2204 1107 2266 Bessus

91 2301 171 2356 tanto
191 2298 298 2357 merito
321 2299 367 2373 (ut
390 2297 536 2374 credebat)
559 2296 714 2376 obligatus,
737 2299 872 2375 1⁴partim
898 2299 1008 2377 gratias
1035 2301 1106 2378 agit,

89 2394 195 2464 partim
205 2393 309 2451 aridus
323 2392 458 2469 explendi
468 2391 603 2470 supplicii
613 2392 714 2451 adduci
725 2411 773 2452 eos
784 2393 876 2469 jubet.
903 2393 964 2468 Illi,
973 2394 1107 2455 manibus

90 2489 140 2542 aus
161 2496 265 2566 sponte
288 2488 426 2567 religatis,
446 2509 464 2546 e
483 2487 674 2565 participibus
695 2488 808 2547 consilii
827 2488 1022 2564 trahebantur,
1035 2509 1107 2569 ques

91 2577 197 2643 Bessus
211 2583 289 2643 truci
302 2583 386 2642 vultu
405 2584 519 2642 intuens
538 2585 694 2662 consurgit,
708 2583 838 2643 manibus
858 2602 915 2642 non
937 2591 1106 2661 temperatu-

91 2693 147 2734 rus.
187 2678 235 2736 At
254 2677 310 2753 illi,
331 2677 516 2736 simulatione
537 2677 653 2753 emisse,
666 2678 882 2736 circumsistunt
903 2680 977 2752 eum,
992 2687 1021 2736 et
1034 2680 1107 2738 frus·

92 2771 139 2826 tra
160 2780 370 2850 repugnantem
398 2773 537 2848 vinciunt,
562 2772 674 2851 direpto
701 2792 738 2832 ex
764 2771 859 2849 capite
879 2773 962 2851 regni
983 2773 1105 2852 insigni:

91 2861 273 2944 lacerathe
293 2875 381 2944 reste,
404 2888 521 2946 quame
539 2868 638 2945 spoliis
653 2867 739 2926 occisi
761 2867 854 2946 Regis
868 2867 1006 2926 induerat.
1048 2868 1107 2928 Ille

92 2956 165 3020 Deos
183 2962 231 3023 sui
252 2962 368 3022 sceleris
389 2964 499 3022 ultores
521 2963 620 3022 adesse
642 2963 798 3036 confessus,
814 2962 929 3039 adjecit,
942 2957 998 3021 adn
1013 2963 1105 3024 Dario

95 3053 114 3080 ¹⁵
123 3054 238 3134 iniquos
251 3057 348 3132 fnisse,
362 3077 447 3135 quem
460 3058 502 3116 sic
513 3058 719 3140 ulciscerentur
730 3077 737 3134 ς
760 3058 812 3116 sed
831 3057 999 3117 Alexandro
1012 3060 1106 3136 propi-

92 3147 253 3230 tioa,eujns
275 3152 425 3212 victoriam
448 3173 561 3230 semper
583 3153 671 3212 etiam
691 3151 784 3211 hostis
797 3152 964 3230 adjuvisset
1006 3155 1106 3214 Multi-

94 3245 160 3306 tudo
172 3269 211 3307 an
225 3247 408 3308 vindicatura
428 3247 552 3306 Bessum
570 3247 668 3321 fuerit,
683 3248 824 3307 incertum
845 3256 897 3324 est,
912 3249 970 3307 nisi
990 3250 1035 3308 illi
1055 3252 1107 3331 qui

93 3339 251 3417 merant,
262 3345 348 3419 jussu
360 3342 523 3402 Alexandri
543 3343 645 3402 fecisse
658 3343 737 3421 ipsos
757 3344 896 3420 ementiti,
911 3345 931 3373 ¹⁶
942 3345 1045 3405 dubios
1059 3347 1106 3404 ad·

94 3431 147 3494 hnc
159 3439 250 3497 animi
265 3439 444 3499 terruissent
476 3438 514 3497 In
527 3457 629 3517 equum
644 3438 819 3516 impositum,
834 3440 1003 3499 Alexandro
1017 3441 1105 3499 tradi·

94 3531 150 3588 turi
163 3532 283 3592 ducunt.
325 3531 408 3591 Inter
429 3533 491 3593 haec
512 3532 589 3608 Rex,
612 3533 745 3611 uquibus
766 3541 878 3592 matura
905 3540 969 3591 erat
995 3533 1105 3609 missio,

95 3620 188 3686 electis
200 3626 355 3704 nongentis
368 3627 440 3701 fere,
454 3627 545 3706 equiti
564 3626 633 3686 bina
644 3627 664 3656 ¹⁸
674 3627 785 3686 talenta
806 3627 896 3701 dedit,
910 3626 1002 3702 pediti
1023 3635 1106 3688 terna

96 3713 241 3782 denamum
261 3720 372 3797 millia,
393 3722 576 3801 monitusque
597 3720 635 3781 nt
659 3720 765 3782 liberes
790 3727 968 3802 generarent,
994 3722 1107 3782 remisit
