2592 4400
174 377 235 439 286
523 390 670 440 ourrrr
692 390 833 435 oraru

175 552 233 593 non
245 530 425 610 poenitentiae
437 536 558 606 testem3
582 530 711 610 ''utique
730 534 880 611 postqulm
899 532 976 593 false
989 531 1198 591 insimulatum
1279 516 1282 531 ¹

176 647 250 702 eum,
262 626 384 685 nimium
396 625 570 685 invidiorum
583 626 720 705 gaudium
733 629 870 689 ostendit.
1167 660 1170 667 ¹
1280 634 1282 645 '

237 721 333 781 VIII.
365 726 412 781 25.
445 720 586 780 Indorum
610 721 700 801 legati
725 721 840 782 dimissi
865 725 974 798 domos,
1000 722 1104 801 paucis
1130 728 1200 799 post
1281 756 1282 759 =

177 817 282 876 diebus
294 836 361 875 cum
374 816 458 875 donis
478 824 672 876 revertuntur.
716 817 851 877 Trecenti
872 828 953 879 erant
974 820 1100 897 equites,
1117 818 1200 875 mille
1281 812 1282 817 '

177 914 298 992 triginta
319 932 432 986 currus,
445 930 518 991 quos
531 912 698 991 quadrijugi
722 914 1079 992 equiduoebant31inere
1104 914 1200 974 vestis
1281 912 1282 925 ¹

177 1009 368 1087 aliquantum,
383 1008 464 1067 millo
477 1015 562 1066 scuta
575 1006 687 1081 Indica,
702 1016 732 1066 et
748 1010 835 1068 ¹ferri
857 1010 973 1069 candidi
996 1009 1114 1068 talenta
1135 1028 1198 1067 cen·
1279 1078 1282 1091 Ι

178 1111 257 1178 tum;
279 1102 433 1179 leonesque
457 1120 532 1160 rarre
555 1101 773 1179 magnitudinis,
789 1110 820 1160 et
841 1102 940 1182 tigres,
953 1110 1114 1182 utrumque
1139 1101 1200 1161 ani·

178 1199 237 1257 mal
249 1199 287 1258 ad
307 1198 560 1257 mansuetudinem
583 1197 742 1275 domitum,
766 1198 940 1258 lacertarum
954 1220 1069 1277 quoque
1096 1199 1200 1275 ingen-

179 1295 253 1353 tium
274 1293 375 1371 pelles,
397 1301 427 1351 et
450 1292 537 1351 dorsa
561 1292 749 1351 testudinum.
794 1291 915 1353 Cratero
939 1294 1045 1353 deinde
1066 1295 1201 1371 imperat

179 1388 255 1462 Rex,
278 1388 373 1446 'haud
399 1388 501 1465 procul
527 1406 620 1460 amne,
634 1406 686 1464 per
710 1408 794 1466 quem
817 1397 879 1448 erat
906 1390 968 1467 ipsc
992 1391 1201 1470 navigaturus,

178 1483 276 1560 copias
289 1482 417 1541 duceret.
460 1482 522 1541 an
546 1489 653 1555 autem,
669 1483 719 1560 qui
743 1483 875 1541 comitari
900 1504 973 1553 eum¹
986 1484 1132 1559 solebant,
1149 1486 1201 1541 im·

178 1578 261 1656 ponit
274 1578 304 1635 in
317 1596 414 1651 naves,
428 1576 502 1635 etin
516 1577 587 1635 fines
603 1576 761 1635 Mallorum
782 1578 908 1637 secundo
923 1598 1006 1637 amne
1027 1578 1200 1639 devehitur.

179 1674 255 1733 Inde
269 1672 410 1733 Sabracas
424 1672 508 1745 adiit,
524 1671 650 1731 validam
664 1672 760 1733 Indiae
773 1680 898 1750 gentem,
913 1694 979 1753 quae
992 1674 1123 1751 'populi
1139 1693 1201 1731 non

180 1768 295 1847 Regum
319 1767 441 1845 imperio
462 1766 625 1846 regebatur.
669 1766 828 1845 Sexaginta
841 1768 933 1827 millia
955 1768 1085 1845 peditum
1108 1769 1201 1829 habe·

179 1862 259 1937 bant,
273 1863 402 1942 equitum
416 1869 482 1921 ooto
495 1861 605 1920 millia:
627 1861 680 1919 lias
701 1862 798 1939 copias
812 1876 915 1922 currus
928 1864 1080 1941 quingenti
1094 1884 1200 1943 seque·

107 1946 115 1961 ’
179 1959 292 2019 bantur.
336 1958 410 2017 Trea
423 1956 513 2016 duces
533 1964 680 2034 spectatos
694 1958 807 2017 virtute
828 1958 935 2018 bellica
950 1958 1105 2035 elegerant.
1153 1959 1200 2019 At
1281 1954 1282 1981 ¹

178 2054 231 2132 qui
253 2055 283 2113 in
307 2054 385 2131 agris
406 2059 491 2111 erant
511 2051 637 2129 proximi
659 2051 779 2126 flumini,
802 2052 978 2133 (frequentes
1001 2060 1098 2111 autem
1114 2054 1200 2114 vicos

180 2150 306 2209 maxime
329 2150 359 2208 in
379 2148 445 2226 ript
467 2147 633 2225 habebant),
657 2155 689 2207 ut
712 2148 814 2208 videre
843 2155 939 2208 totum
967 2168 1091 2225 amnem,
1116 2149 1199 2230 ‘qud

180 2246 306 2323 prospici
328 2251 450 2322 poterat,
474 2243 598 2320 navigiis
621 2251 811 2318 constratum,
834 2253 864 2302 et
889 2251 934 2302 tot
958 2245 1086 2304 militum
1113 2266 1199 2304 arms

179 2341 330 2418 fulgentia,
358 2339 456 2396 territi
482 2343 558 2398 nova
584 2338 668 2412 facie,
695 2339 822 2398 Deorum
850 2340 1020 2414 exercitum,
1046 2349 1076 2398 et
1103 2341 1197 2400 alium

181 2435 323 2496 Liberum
342 2435 472 2506 Patrem,
486 2433 600 2492 celebre
621 2434 652 2492 in
675 2434 735 2492 illis
753 2435 889 2512 gentibus
910 2454 1022 2504 nomen,
1037 2436 1197 2495 adventare

179 2529 346 2590 credebaut
398 2527 499 2587 ‘Hino
525 2527 653 2588 militum
675 2529 792 2604 clamor,
815 2530 882 2588 hino
909 2550 1054 2590 remorum
1081 2532 1196 2610 pulsus,

181 2627 326 2704 variaque
338 2632 493 2684 naumrum
506 2643 591 2684 voees
611 2625 802 2700 hortantium,
817 2626 938 2703 pavidas
959 2646 1045 2685 aures
1059 2627 1196 2705 implere

179 2732 253 2782 rant
296 2722 377 2802 Ergo
404 2720 533 2780 universi
560 2721 597 2779 ad
624 2739 683 2795 eos,
705 2722 755 2799 qui
781 2721 921 2781 inarmis
949 2730 1040 2797 erant,
1063 2729 1195 2796 currunt,

181 2817 296 2877 ‘furere
310 2817 501 2891 clamitantes,
514 2835 581 2874 cum
595 2815 661 2875 Diis
675 2815 807 2893 praelium
821 2816 953 2876 inituros.
996 2817 1124 2895 Navigia
1138 2835 1197 2876 uon

181 2933 266 2990 poseo
285 2913 439 2986 numerari,
453 2932 519 2990 quae
531 2897 656 2970 invictos
670 2911 815 2970 veherent.
860 2910 1042 2990 Tantumque
1063 2913 1094 2970 in
1115 2932 1195 2972 exer·

181 3008 273 3066 citum
296 3027 415 3068 suorum
438 3007 565 3066 intulere
579 3007 707 3081 terroris,
723 3013 756 3064 ut
780 3007 892 3085 legatos
912 3007 1065 3066 mitterent
1079 3017 1196 3085 gentem

181 3100 341 3162 dedituros.

242 3199 290 3254 26.
311 3197 371 3255 His
392 3197 423 3254 in
444 3198 530 3255 fidem
544 3198 680 3276 acceptis,
695 3196 732 3256 ad
757 3196 828 3256 alias
850 3198 954 3258 deinde
968 3205 1070 3276 gentes
1090 3207 1195 3278 quarto
1278 3193 1279 3200 '

182 3293 230 3352 die
256 3291 396 3365 pervenit
438 3291 561 3351 'Nihild
587 3293 654 3370 plue
681 3293 770 3352 animi
798 3292 843 3352 his
871 3293 938 3367 fuit,
962 3294 1051 3371 quem
1080 3296 1196 3354 caeteris

181 3390 286 3448 fuant.
330 3386 434 3466 Itaque
454 3386 561 3464 oppido
575 3387 618 3448 ibi
632 3388 759 3463 condito,
773 3389 851 3467 quod
866 3388 1079 3450 Alexandriam
1100 3393 1197 3469 appel·

182 3485 238 3544 lari
255 3486 392 3560 jusserat,
406 3484 478 3542 fines
489 3503 600 3556 eorum,
611 3484 663 3562 qui
687 3484 833 3542 Musicani
857 3485 1048 3562 appellantur,
1065 3486 1197 3545 intravit.
1277 3467 1278 3504 ³

182 3580 263 3639 ⁸Hic
287 3581 324 3638 de
346 3579 476 3637 Teriolte
500 3578 633 3655 Satrape,
648 3599 734 3656 quem
759 3579 992 3656 Parapamisadis
1015 3583 1198 3658 praefecerat,

182 3676 287 3734 iisdem
313 3674 511 3754 arguentibus,
533 3675 691 3750 cognovit:
723 3675 872 3753 multaque
899 3678 984 3734 avare
1012 3695 1045 3734 ac
1073 3678 1200 3754 superbe

182 3769 287 3828 iecisse
307 3771 478 3844 convictum,
494 3770 616 3828 interfici
637 3761 734 3845 jussit.
780 3769 907 3830 Oxartes
930 3771 1044 3830 Praetor
1068 3771 1199 3830 Bactriu-

184 3882 285 3924 norum
296 3883 354 3925 non
363 3866 514 3926 absolutus
524 3865 619 3940 modo,
634 3865 783 3924 sedetiam
794 3868 861 3942 jure
872 3866 976 3925 amoris
987 3865 1138 3944 amplioris
1147 3867 1200 3926 im·
