2592 4400
1001 317 1035 378 ‘t

400 419 523 460 arnna
553 421 615 459 111.
648 420 734 461 aar.
766 419 856 460 1111.
1094 403 1133 458 29

119 559 239 619 vicisset
252 551 384 636 profeotd
399 557 564 636 superbiam
577 565 665 637 atque
679 529 761 634 irani,
772 560 848 618 mala
861 559 977 635 invicta,
991 558 1033 618 sic
1046 557 1132 617 absti-

119 655 234 713 nuisset
261 655 339 712 inter
363 654 463 730 epulas
488 653 617 714 caedibus
642 656 815 731 amicorum3
846 656 1032 733 egregiosque
1057 653 1162 713 bellos

40 721 125 835 βπ
120 749 207 824 viros,
223 757 253 808 et
266 757 311 808 tot
323 749 453 827 gentium
474 769 571 808 secum
586 750 751 824 domitores,
767 753 787 780 ¹⁰
796 751 908 809 indicta
920 754 1009 809 causa
1022 749 1133 809 veritus

120 852 198 903 esset
222 845 360 904 cecidere.
404 844 463 904 sed
486 845 614 903 nondum
638 846 753 904 fortuna
767 865 797 905 se
812 847 906 904 animo
929 849 992 923 ejus
1006 846 1133 922 ’⁰super-

119 940 245 1000 fuderat.
287 941 392 1019 Itaque
415 941 555 999 orientem
579 962 650 1016 eam,
664 942 814 1000 moderate
829 949 860 1000 et
873 942 1032 1018 prudenter
1045 941 1133 998 tulit:

120 1034 141 1063 ¹¹
152 1034 189 1092 ad
203 1035 340 1093 ultimum
354 1036 583 1112 magnitudinem
597 1039 659 1114 ejus
672 1057 729 1095 non
743 1037 828 1115 oepit.
871 1038 946 1096 Tum
958 1037 1078 1114 quidem
1091 1036 1134 1094 ita

121 1131 263 1206 sogessit,
275 1137 416 1189 utcmnes
431 1139 497 1189 ante
512 1151 576 1190 eum
591 1132 697 1211 Reges,
710 1140 739 1190 et
750 1133 929 1190 continentia
939 1140 969 1191 et
978 1131 1135 1190 clementia
1162 1142 1175 1180 t

55 1214 260 1312 sswvinceret.
304 1226 440 1302 Virgines
455 1228 531 1284 enim
545 1228 639 1306 regias
654 1228 823 1286 excellentis
840 1225 947 1302 formae,
962 1235 1021 1285 tam
1035 1226 1133 1285 sancte

122 1319 235 1395 habuit,
250 1323 338 1400 quium
352 1323 376 1380 si
391 1323 499 1399 eodem,
509 1343 566 1401 quo
581 1323 653 1400 ipse,
664 1331 784 1400 parente
796 1325 902 1401 genitae
915 1324 1018 1382 forent
1062 1321 1133 1381 Gon·

127 1417 228 1494 jugem
242 1417 381 1494 ejusdcm,
396 1437 482 1496 quam
495 1418 576 1496 nulla
590 1419 688 1477 aetatis
702 1439 763 1478 suae
776 1419 992 1496 pulchritudine
1006 1407 1135 1494 corporis

21 1577 22 1582 ἵ
122 1511 203 1586 vicit,
218 1513 240 1539 ²²
250 1512 321 1571 adeo
342 1513 403 1590 ipse
417 1533 474 1576 non
488 1514 618 1587 violavit,
636 1521 671 1571 ut
685 1534 824 1572 summam
845 1515 1011 1573 adhibuerit
1026 1533 1134 1586 curam,

121 1605 144 1633 ²³
155 1627 190 1665 ne
215 1608 280 1685 quis
305 1609 418 1685 captivo
443 1608 557 1685 corpori
581 1609 724 1668 illuderet.
770 1609 893 1670 Omnem
917 1611 1028 1668 cultum
1051 1602 1154 1668 reddi*

52 1695 248 1782 sstffoeminis
256 1705 358 1782 jussit,
367 1723 419 1762 neo
431 1704 588 1783 quidquam
600 1724 636 1762 ex
646 1706 779 1782 pristinae'
788 1706 913 1764 fortunae
923 1705 1135 1782 magnificentia

123 1799 257 1876 captivis,
269 1808 375 1876 praeter
385 1801 527 1872 fiduciam,
538 1800 639 1858 defuit.
683 1800 788 1879 Itaque
801 1801 996 1878 Sisygambis:
1012 1807 1028 1834 “
1040 1802 1135 1876 Rex,’'

123 1895 230 1972 inquit,
247 1898 264 1927 “
274 1887 401 1968 mereris,
417 1882 451 1954 ut
465 1916 498 1954 ea
511 1915 663 1977 precemur
677 1896 740 1972 tibi,
752 1916 818 1974 quae
832 1897 922 1954 Dario
936 1903 1035 1955 nostro
1049 1917 1136 1975 quon-

125 1989 193 2047 dam
203 1997 329 2066 precatae
340 2009 455 2050 sumus:
471 1998 509 2064 et,
520 1998 555 2048 ut
565 1991 659 2064 video,
672 1991 776 2068 dignus
787 2010 826 2067 es,
836 1992 887 2070 qui
897 1998 1010 2050 tautum
1025 1991 1136 2071 Regem

124 2077 184 2142 non
208 2085 347 2144 felicitate
370 2087 473 2161 soldm,
489 2086 540 2145 sed
561 2087 648 2145 etiam
664 2086 685 2113 ²⁴
697 2087 836 2164 aequitate
859 2089 1046 2164 superaveris.
1090 2087 1137 2145 Tu

55 2176 244 2287 tuquidem
258 2189 378 2240 matrem
392 2202 438 2240 me
453 2190 482 2240 et
497 2182 638 2260 Reginam
654 2203 746 2257 vocas,
762 2183 813 2241 sed
828 2203 880 2261 ego
894 2204 939 2242 me
954 2191 1034 2242 tuam
1048 2184 1137 2242 famu·

21 2314 22 2319 κ
125 2276 185 2335 lam
208 2296 270 2335 esse
293 2274 432 2335 confiteor.
475 2278 550 2335 ²⁵Rt
563 2277 721 2355 praeteritae
745 2280 869 2337 fortunae
882 2280 1032 2358 fastigium
1047 2280 1137 2356 capio,

126 2378 157 2431 et
171 2374 324 2449 praesentis
341 2374 444 2451 jugum
457 2374 518 2451 pati
532 2393 658 2450 possum.
700 2374 722 2402 ¹⁸
732 2362 795 2431 uua
809 2374 937 2449 interest,
952 2377 1094 2452 quantrlm
1107 2376 1138 2432 in

21 2472 22 2479 ’
126 2488 179 2527 nos
202 2469 327 2541 licuerit,
342 2470 367 2526 si
382 2469 412 2526 id
426 2470 526 2545 potids
546 2469 699 2527 clementia
713 2470 800 2547 quam
821 2470 934 2529 saevitia
947 2471 992 2530 vis
1006 2490 1068 2529 esse
1083 2483 1136 2528 tos-

23 2576 25 2583 ’
128 2546 254 2623 tatdm.”
295 2564 363 2622 Rex
378 2564 484 2624 bouum
504 2564 631 2622 animum
652 2564 758 2623 habere
773 2585 822 2623 eas
842 2566 863 2594 ’⁷
869 2567 973 2643 jussit:
996 2566 1079 2624 Darii
1092 2566 1138 2623 de·
1161 2581 1163 2584 ·

45 2660 196 2749 pfrnde
210 2662 302 2719 filium
317 2660 391 2719 collo
406 2679 458 2719 suo
480 2659 616 2719 admovit.
660 2661 761 2739 Atque
774 2661 816 2718 nil
831 2660 880 2718 ille
894 2668 1049 2738 conspectu
1069 2670 1139 2719 tunc

127 2758 257 2836 primam
273 2776 289 2813 a
303 2774 333 2814 se
349 2755 404 2814 visi
418 2754 602 2829 conterritus,
617 2755 758 2814 cervicem
772 2758 836 2831 ejus
849 2756 980 2815 manibus
995 2755 1139 2832 amplecti·

127 2861 185 2913 tur.
231 2852 331 2910 Motus
355 2871 423 2927 ergo
438 2849 504 2908 Rex
518 2852 683 2923 constantia
705 2851 795 2927 pueri,
809 2850 831 2878 ¹³
843 2850 1081 2927 Hephaestionem
1100 2850 1139 2907 in·

130 2956 232 3007 tuens:
256 2951 271 2980 “
283 2946 376 3017 Quam
388 2946 520 3016 vellem,''
535 2946 637 3025 inquit,
654 2949 670 2978 “
681 2946 789 3003 Darius
803 2945 913 3023 aliquid
927 2965 964 3003 ex
976 2945 1030 3003 hac
1044 2945 1141 3003 indole

127 3042 317 3103 hausisset!’'
360 3042 435 3100 Tum
457 3041 642 3101 tabernaculo
666 3061 807 3119 egressus,
827 3041 922 3100 tribus
943 3040 1002 3099 aris
1024 3041 1054 3099 in
1076 3041 1141 3118 ripa

21 3164 22 3169 ¹
71 3137 231 3215 fdffPinari
256 3138 358 3213 amnia,
372 3137 444 3197 Jovi
464 3144 551 3216 atque
577 3136 711 3211 Herculi,
727 3136 925 3214 Minervaeque
945 3138 1074 3211 sacratis,
1090 3137 1141 3213 Sy·

128 3220 203 3294 iiam
217 3234 302 3311 petit,
318 3233 502 3307 Damascum,
516 3232 567 3292 ubi
582 3232 675 3311 Regis
688 3251 760 3309 gaza
780 3240 851 3305 erat,
866 3232 1058 3290 Parmenione
1071 3251 1141 3308 prae·

128 3331 226 3391 misso.

189 3422 286 3484 XIII.
316 3428 360 3482 33.
390 3424 489 3503 Atque
515 3424 560 3482 ¹is
584 3425 653 3481 calm
679 3422 860 3501 praecessisse
887 3422 972 3481 Darii
998 3428 1143 3497 satrapam

129 3514 325 3599 comperisset,
339 3519 451 3578 veritus
465 3535 501 3576 ne
515 3520 646 3595 paucitas
662 3538 779 3577 suorum
793 3525 986 3594 sperneretur,
997 3534 1142 3573 accersere
1178 3536 1189 3561 ι

72 3620 269 3699 majorem
296 3636 412 3673 manum
437 3616 551 3674 statuit.
595 3614 654 3673 Sed
678 3615 755 3672 forte
779 3614 809 3669 in
831 3613 1027 3689 exploratores
1050 3610 1143 3668 abeo

128 3714 296 3792 praemissos
318 3712 422 3769 incidit
443 3710 559 3769 natione
579 3709 710 3782 Mardus,
725 3708 776 3787 qui
790 3708 827 3765 ad
842 3706 1063 3767 Parmenionem
1082 3724 1143 3782 per·
1234 3768 1243 3779 ⁴

129 3809 246 3883 ductus,
260 3804 372 3865 litteras
387 3806 424 3865 ad
440 3805 651 3877 Alexandrum,
667 3825 684 3862 a
705 3804 850 3863 Praefecto
873 3800 1010 3862 Damasci
1031 3802 1144 3875 missas,

129 3904 257 3965 tradidit
271 3903 314 3974 ei3
335 3920 388 3961 neo
403 3901 537 3963 dubitare
552 3901 647 3975 ²eum,
661 3898 732 3979 quin
753 3901 866 3987 oqnem
885 3895 995 3975 regiam
1009 3893 1143 3973 supellec·

577 4114 646 4183 'vt
