2592 4400
160 325 198 382 28
509 337 649 390 uururr
676 335 817 377 curris

159 497 210 538 nee
218 477 370 538 admittere
379 472 944 554 auderent,nullorespousodato,taeitoe
951 469 1174 550 opperiebantur

158 573 277 634 viatoris
299 572 457 634 arbitrium
499 571 654 647 Leonatus,
677 576 827 648 expectato
847 568 898 627 diu
910 568 960 645 qui
980 586 1011 626 se
1026 565 1173 625 intromit-

160 674 243 742 teret,
265 675 417 748 postquam
439 687 521 727 nemo
542 667 658 744 prodire
681 666 813 740 audebat,
841 663 950 724 relietis
975 664 1006 721 in
1029 659 1174 721 vestibulo

87 755 343 856 27²satellitibiis,
364 763 454 820 intrat
476 762 507 820 in
531 761 753 822 tabernaculum
795 759 841 819 Ra
860 759 925 837 ipsa
944 777 991 816 res
1004 758 1174 816 turbaverat

160 857 298 932 foeminas,
322 856 398 935 qubd
420 857 586 934 ‘irrupisse
608 875 665 916 non
692 854 840 930 admissus,
866 853 1026 913 videbatur.
1068 851 1174 929 Itaque

161 959 255 1010 mater
269 960 298 1010 at
311 955 415 1030 eonjux
428 952 605 1031 'provolutae
619 951 657 1010 ad
670 951 758 1028 pedes
772 969 851 1009 orare
865 956 1018 1026 coeperunt,
1031 955 1075 1023 ut,
1087 948 1175 1024 prius

161 1050 247 1126 quam
267 1049 500 1128 interfluerentur,
523 1047 608 1106 Darii
629 1065 733 1123 eorpus
754 1044 826 1122 ipsis
847 1044 940 1123 patrio
960 1062 1039 1103 more
1051 1041 1175 1121 sepelire

162 1145 361 1222 permitteret:
395 1146 510 1202 functas
536 1161 668 1220 supremo
691 1141 722 1200 in
749 1142 860 1220 Regem
885 1140 974 1199 offieio
997 1158 1028 1198 se
1048 1138 1174 1216 impigre

100 1240 321 1333 prmoritdras.
371 1237 546 1312 ‘Leonatua
569 1244 598 1296 et
623 1237 721 1297 vivere
747 1234 879 1312 Darium,
903 1241 933 1295 et
957 1235 1036 1313 ipsas
1054 1252 1111 1292 non
1130 1233 1175 1289 in-

149 1334 285 1394 'aolumes
309 1332 403 1409 modo,
418 1331 469 1394 sed
493 1333 581 1391 etiam
595 1340 736 1410 apparatu
755 1331 887 1411 pristinas
906 1331 1032 1390 fortunae
1044 1329 1201 1409 Reginus*

162 1429 231 1490 fore.
273 1429 347 1488 Tum
361 1429 476 1488 demum
489 1435 581 1488 mater
595 1427 679 1487 Darii
689 1428 808 1488 allevari
822 1447 852 1486 se
864 1445 950 1504 passa
962 1433 1013 1486 est

223 1529 270 1584 31,
293 1525 464 1583 Alexander
477 1533 592 1602 postero
608 1525 665 1596 die,
679 1525 747 1582 edm
761 1543 860 1582 euram
880 1522 1053 1601 sepeliendis
1073 1521 1175 1579 militi·

164 1623 218 1682 bus
232 1621 419 1697 impenderet,
435 1639 556 1698 quorum
577 1639 697 1696 eorpora
717 1621 873 1694 invenerat,
888 1619 1046 1678 Persarum
1059 1635 1175 1697 quoque

103 1708 351 1799 ,arnobilsssimis
373 1715 496 1774 eundem
520 1713 658 1774 honorem
682 1714 784 1774 haberi
805 1714 898 1790 jubet,
923 1713 1065 1792 matrique
1089 1712 1175 1771 Darii

163 1811 313 1890 permittit,
325 1830 397 1890 quos
408 1810 506 1885 vellet,
517 1811 612 1890 patrio
626 1829 707 1869 mors
721 1810 864 1888 sepeliret
907 1808 967 1868 Illa
976 1828 1080 1887 paneas
1092 1811 1174 1867 areta

116 1971 118 1974 ,
163 1907 379 1986 propinquitate
393 1909 561 1984 conjunctos
575 1927 627 1984 pro
641 1905 745 1967 habitu
758 1906 910 1984 prasentia
923 1906 1047 1964 fortuna
1061 1903 1173 1964 humari

161 2004 259 2079 jussit,
275 2011 444 2080 apparatum
457 2003 599 2080 funerum,
613 2021 671 2081 quo
685 2002 785 2062 Persae
799 2021 932 2078 suprema
946 2001 1038 2060 offieia
1045 2001 1172 2060 salebra

164 2087 238 2173 rerlt,
252 2097 424 2156 invidiosum
445 2099 506 2156 fore
529 2097 708 2170 existimans,
722 2098 789 2154 orlm
803 2098 928 2155 vietores
949 2096 1026 2155 haud
1048 2094 1172 2174 pretiose

101 2187 371 2291 saffremarentur.
414 2193 539 2273 Jamque
554 2194 563 2223 ⁸
569 2193 659 2271 justis
671 2192 872 2251 defunctorum
882 2192 1050 2271 corporibus
1060 2191 1172 2266 solutis,

166 2289 319 2367 praemittit
340 2288 377 2347 ad
398 2288 534 2366 captivas,
547 2289 598 2367 qui
619 2288 788 2347 nunciarent
807 2288 902 2365 ipsum
915 2289 1024 2363 venire,
1039 2288 1173 2348 inhibita·
1251 2334 1259 2347 .

166 2404 222 2463 que
236 2385 434 2443 comitantium
449 2384 545 2457 turbt,
561 2386 582 2413 ¹⁰
592 2384 808 2443 tabernaeulum
826 2403 892 2442 aum
914 2383 1121 2461 Hephaestione
1134 2385 1171 2442 in·

167 2487 233 2541 trat.
275 2479 309 2538 Is
322 2480 408 2559 longb
423 2480 550 2538 omnium
564 2480 720 2538 amicorum
734 2479 899 2537 carissimus
914 2487 977 2537 erat
992 2479 1086 2558 Regi:
1109 2500 1191 2538 eum·

167 2558 229 2654 ipbo
243 2576 352 2653 pariter
366 2575 513 2650 educatus,
527 2584 701 2634 seeretorum
716 2575 842 2633 omnium
857 2577 877 2603 ¹¹
887 2575 1011 2651 arbiter,
1032 2576 1175 2635 libertatis

109 2687 278 2763 ”equoque
293 2672 322 2729 in
336 2672 513 2730 admonendo
527 2690 561 2729 eo
576 2672 596 2700 ¹²
605 2690 663 2729 non
677 2671 752 2729 alius
762 2674 812 2747 jus
825 2671 966 2745 habebat3
988 2671 1065 2751 quod
1079 2680 1175 2732 tamen

167 2766 210 2824 ita
220 2766 386 2844 usurpabat,
401 2767 421 2795 ¹¹
430 2774 464 2825 ut
477 2767 571 2845 magis
585 2787 602 2824 a
616 2767 699 2843 Rege
710 2767 890 2843 permissum,
901 2767 989 2845 quim
999 2766 1176 2826 vindieatum

167 2863 203 2923 ab
218 2883 251 2921 eo
264 2863 429 2939 videretur,
451 2869 481 2921 ot
502 2863 577 2921 sieut
598 2870 685 2921 aetate
708 2881 761 2938 par
776 2870 837 2919 erat
860 2861 947 2940 Regi,
962 2861 1004 2919 ita
1019 2863 1039 2890 ¹⁴
1049 2864 1176 2941 eorporis

167 2958 269 3017 habitu
279 2958 444 3035 praestabat.
475 2957 556 3035 Ergo
568 2956 691 3036 Reginae
701 2956 785 3015 illum
797 2957 909 3034 Regem
919 2976 981 3015 esse
995 2965 1076 3033 ratae,
1094 2960 1115 2988 ¹⁵
1124 2979 1176 3018 suo

167 3073 246 3111 more
259 3061 404 3111 veneratae
418 3059 493 3111 sunt.
536 3052 609 3111 Inde
624 3073 660 3111 ex
674 3052 848 3129 spadonibus
863 3053 993 3130 captivis,
1004 3054 1071 3131 quis
1085 3054 1176 3113 Alex·
1251 3086 1256 3096 ,

107 3138 255 3222 murder
269 3154 354 3219 esset,
370 3148 390 3176 ¹⁶
400 3148 636 3222 monstrantibus,
649 3148 827 3227 Sisygambis
842 3148 981 3207 advoluta
995 3156 1040 3207 est
1053 3150 1177 3227 pedibus

168 3246 239 3321 ejus,
251 3242 456 3321 ignorationem
470 3260 616 3322 nunquam
630 3244 715 3301 antea
725 3244 780 3301 visi
794 3242 886 3321 Regis
899 3262 1046 3303 excusans,
1082 3245 1176 3316 Quam

168 3359 253 3398 manu
276 3338 403 3396 allevans
426 3337 507 3396 Rex:
531 3338 626 3396 “Non
648 3339 783 3413 errasti,”
797 3339 900 3417 inquit,
922 3344 939 3373 ‘⁴
949 3346 1057 3417 mater,
1079 3342 1176 3400 ”nam
1277 3349 1278 3352 ’

168 3442 198 3493 et
211 3434 258 3493 hio
273 3432 445 3492 Alexander
459 3434 531 3491 est.’'

228 3534 273 3587 32.
297 3527 317 3557 ¹⁸
329 3528 483 3607 Equidem,
498 3528 523 3586 si
537 3527 590 3585 heo
604 3512 783 3587 continentia
804 3530 891 3586 animi
906 3530 943 3588 ad
957 3528 1092 3589 ultimum
1107 3532 1176 3591 vitae

106 3606 350 3702 hiperseverare
370 3624 521 3701 potuisset,
536 3622 694 3681 feliciorem
715 3624 805 3682 fuisse
828 3624 981 3699 eraderem,
995 3626 1083 3704 quam
1097 3627 1176 3685 visus

168 3727 296 3794 estesse,
311 3719 378 3777 erlm
394 3718 493 3778 Liberi
514 3718 607 3795 patris
629 3718 794 3777 imitaretur
807 3719 993 3797 triumphurn,
1009 3721 1046 3780 ab
1061 3720 1175 3779 Helles·
1232 3760 1239 3773 .

169 3822 256 3894 ponto
270 3834 359 3895 usque
374 3814 411 3872 ad
427 3812 574 3907 Oceanum
589 3833 688 3873 omnes
709 3822 810 3893 gentes
823 3815 947 3877 viatoria
960 3835 1111 3875 emensus:
1134 3818 1175 3875 sia
1276 3837 1277 3890 3
