2592 4400
408 435 531 476 mssa
559 436 606 478 ιν.
637 437 724 478 ose.
757 437 822 480 xv.
1085 424 1124 482 to

108 573 203 634 Multi
217 573 285 652 ergd
301 573 491 633 Macedonum
513 575 606 652 primo
629 577 740 654 impetu
763 576 782 607 ¹⁸
792 576 895 637 obtriti
916 583 1002 636 sunt:
1023 578 1122 655 plures

107 669 146 726 ad
172 661 373 728 Alexandrum
398 671 573 747 refugerunt.
624 672 700 730 Tum
723 673 823 732 Persae
845 673 970 730 clamore
997 673 1121 748 sublato,

107 764 225 842 qualem
239 765 363 823 victores
378 765 473 822 solent
488 766 581 839 edere,
596 767 731 826 ferociter
745 768 776 825 in
788 768 901 825 hostem
915 768 998 845 quasi
1012 769 1119 850 ubique}

107 859 304 937 profligatum,
327 859 487 918 incurrunt.
529 861 699 920 Alexander
723 863 842 920 territos
855 863 1005 940 castigare,
1020 863 1118 923 adhor-

107 955 183 1029 tari,
213 955 354 1032 praelium,
376 956 454 1034 quod
472 957 533 1032 jam
557 956 735 1036 elanguerat,
759 957 837 1015 solus
859 957 1032 1033 accendere3
1054 956 1150 1044 con-s
1159 935 1267 1006 (20

106 1049 286 1128 firmatisque
314 1050 431 1108 tandem
458 1051 562 1122 animis
590 1053 632 1110 ire
659 1052 689 1108 in
710 1051 823 1109 hostem
847 1043 939 1128 jubet
982 1053 1002 1080 ¹⁷
1012 1051 1119 1117 Rarior
1146 1040 1151 1049 l

106 1143 260 1202 acieserct
279 1143 397 1222 inlaeso
420 1164 508 1202 cornu
531 1145 708 1234 Persarum:
729 1165 853 1223 namque
875 1145 944 1204 indd
969 1145 1119 1204 Bactriani

106 1237 292 1296 decesserant
315 1239 352 1296 ad
366 1239 552 1318 opprimenda
572 1240 786 1316 impedimenta
829 1239 935 1319 Itaque
950 1241 1118 1312 Alexander

106 1331 220 1391 laxatos
235 1333 350 1392 ordines
364 1335 484 1408 invadit,
500 1343 529 1393 et
540 1335 633 1392 multa
647 1335 727 1394 caede
737 1335 864 1394 hostium
878 1336 1031 1394 invehitur.
1073 1335 1118 1394 At

104 1427 157 1505 qui
172 1427 203 1485 in
216 1427 319 1486 dextro
329 1447 417 1486 cornu
432 1437 514 1487 erant
523 1429 632 1504 Persae,
647 1449 698 1506 spe
711 1435 873 1506 posse'eum
886 1428 1005 1504 includi,
1016 1448 1118 1507 agmen
1136 1430 1157 1479 l
1169 1413 1202 1466 s
1211 1408 1235 1454 ²
1243 1412 1285 1458 s

105 1541 192 1579 suum
206 1542 223 1580 a
237 1529 318 1602 tergo
334 1522 352 1551 ¹⁸
362 1523 526 1582 dimicantis
540 1531 696 1602 opponunt.
740 1525 759 1552 ¹⁹
771 1523 934 1603 Ingensque
956 1524 1116 1603 perieulum

105 1617 138 1674 in
153 1617 247 1675 medio
261 1618 373 1676 haerens
387 1618 515 1694 adiisset,
529 1619 560 1676 ni
574 1619 687 1697 equites
699 1531 832 1697 Agrium,
847 1619 1007 1680 calcaribus
1021 1619 1117 1679 subdi·

105 1711 156 1783 tis,
185 1712 373 1771 circumfusos
395 1713 472 1790 Regi
495 1711 640 1772 Barbaros
663 1713 759 1771 adorti
785 1720 891 1788 essent,
918 1713 1116 1796 ”avemosque

104 1806 244 1865 caedendo
271 1807 302 1865 in
329 1827 359 1866 se
386 1807 497 1866 obverti
524 1807 693 1884 coegissent
745 1807 876 1866 Turbata
902 1814 966 1866 erat
992 1816 1117 1885 utraque

105 1901 192 1960 acies.
234 1901 403 1961 Alexander
429 1909 459 1960 et
487 1921 504 1959 a
531 1901 627 1960 fronte
654 1909 686 1959 et
709 1922 727 1960 a
749 1909 831 1979 tergo
851 1901 964 1960 hostem
983 1901 1115 1962 habebat
1133 1899 1149 1945 l
1165 1867 1261 1932 (w

104 1997 125 2026 ¹¹
139 1995 199 2067 Qui
212 2017 312 2068 averso
327 1998 354 2056 ei
367 1997 521 2072 instabant,
536 1997 572 2056 ab
587 1996 726 2075 Agrianis
747 1996 890 2055 militibus
902 1996 1115 2074 premebantur.
1184 2045 1189 2050 .

105 2091 265 2164 Bactriani,
279 2090 492 2168 impedimentis
502 2090 628 2150 hostium
640 2090 771 2169 direptis,
785 2089 904 2164 reversi,
918 2089 1034 2150 ordines
1048 2109 1117 2150 suos

103 2204 274 2264 recuperare
300 2205 357 2244 non
383 2192 525 2263 poterant.
581 2185 673 2245 Plura
699 2185 787 2245 simul
813 2185 938 2264 abrupta
960 2206 978 2245 a
1001 2185 1116 2255 cacteris

105 2281 406 2359 agmina-ubicumque
421 2280 510 2339 alium
524 2280 575 2339 alii
588 2282 648 2339 fors
657 2281 821 2355 miscuerat,
836 2280 1020 2341 dimicabant.
1049 2280 1117 2341 Duc
1205 2342 1208 2347 ,

104 2376 212 2453 Reges,
224 2358 332 2451 junctis
343 2375 434 2452 proph
448 2374 618 2453 agminibus,
633 2375 766 2453 praelium
780 2375 980 2436 accendebant
1010 2376 1117 2447 Plures
1134 2382 1154 2427 l
1162 2350 1288 2462 ΜΔ

105 2470 207 2528 Persas
235 2468 383 2529 cadebant
438 2467 499 2527 Par
524 2469 615 2527 fermo
642 2470 789 2548 utrimque
821 2488 958 2528 numerus
983 2470 1116 2529 vulnera·

104 2564 200 2623 hatur.
244 2563 339 2623 Ourru
354 2563 469 2637 Darius,
484 2563 653 2623 Alexander
666 2584 739 2642 equo
753 2564 920 2623 vehebatur.
949 2564 1115 2643 Utrumque

104 2658 212 2718 delecti
233 2659 399 2732 tuebantur,
422 2659 468 2717 sui
489 2659 685 2718 immemores:
706 2658 811 2737 quippe
834 2658 939 2717 amisso
961 2658 1042 2735 Rege
1062 2678 1126 2727 neor

102 2754 241 2814 volebant
263 2754 338 2813 salvi
359 2772 430 2827 esse,
445 2772 497 2811 nec
518 2761 662 2831 poterant.
705 2755 786 2811 Ante
807 2753 907 2811 oculos
926 2753 972 2810 sui
991 2754 1114 2831 quisque

103 2848 199 2927 Regis
221 2857 344 2907 mortem
368 2848 535 2907 occumbere
558 2848 702 2907 ducebant
725 2848 879 2926 egregium.
921 2846 942 2874 ¹²
953 2846 1121 2905 Maximum.
1135 2862 1152 2895 s
1159 2836 1274 2905 J‘W

102 2951 201 3003 umen
222 2944 383 3019 periculum
405 2942 531 3017 adibant,
554 2962 625 3021 quos
652 2942 777 3001 maxime
800 2941 972 3001 tuebantur:
1007 2941 1114 3020 quippei

102 3038 162 3100 sibi
175 3039 298 3118 quisque
312 3038 379 3097 caesi
393 3037 485 3116 Regis
499 3038 655 3115 expetebat
668 3037 763 3095 decus.
1051 3021 1063 3036 Χ

165 3136 211 3193 59.
235 3134 391 3209 Caeterum,
406 3133 464 3191 sive
478 3133 499 3163 ²¹
510 3132 671 3192 ludibrium
684 3131 840 3205 oculorum,
850 3130 911 3190 sive
924 3150 994 3191 vera
1003 3131 1114 3209 species

101 3231 171 3303 fuit,
185 3230 238 3307 qui
252 3231 328 3287 cirea
343 3228 544 3287 Alexandrum
566 3233 658 3302 erant,
672 3227 780 3285 vidisse
794 3246 825 3285 sc
845 3227 1033 3287 crediderunt
1045 3248 1113 3304 pau·

101 3326 194 3384 lulum
224 3343 310 3402 super
337 3330 425 3400 caput
452 3322 543 3399 Regis
570 3322 684 3399 placidd
711 3321 856 3381 volantem
879 3322 1024 3399 aquilam,
1055 3339 1113 3380 non
1135 3306 1279 3378 ffel*

101 3420 204 3481 sonitu
226 3436 380 3491 armorum,
402 3437 460 3476 non
490 3418 600 3494 gemitu
621 3416 808 3474 morientium
829 3416 976 3492 territam,
1006 3416 1114 3493 diuque

101 3518 182 3574 circa
196 3533 302 3592 equum
317 3512 488 3585 Alexandri,
503 3511 639 3589 pendenti
661 3510 762 3588 magis,
776 3530 864 3588 quam
876 3510 987 3569 volanti
1000 3510 1113 3583 similis,

103 3610 248 3689 apparuit.
303 3605 391 3666 Certe
415 3606 507 3665 Vates
531 3606 707 3677 Aristander
731 3605 798 3664 alba
819 3611 901 3664 veste
927 3604 1056 3673 indutus,
1084 3611 1115 3661 et

103 3706 210 3763 dextrat
223 3702 383 3780 praeferens
404 3700 540 3773 lauream,
553 3700 696 3757 militibus
710 3699 739 3755 in
753 3718 877 3776 pugnam
891 3698 1019 3771 intentis,
1033 3717 1114 3754 avem
1133 3759 1152 3796 f

102 3798 286 3871 monstravit,
309 3795 386 3855 haud
409 3795 528 3854 dubium
550 3794 679 3853 victoriae
700 3793 869 3870 auspicium.
918 3792 1025 3868 Ingens
1046 3793 1115 3870 ergd
1139 3764 1250 3847 ΜΨ

103 3894 242 3957 alacritas
264 3910 297 3949 ao
319 3890 424 3949 fiducia
446 3888 533 3967 paulb
547 3888 614 3947 ante
630 3888 750 3947 territos
769 3886 901 3945 accendit
914 3886 951 3943 ad
972 3905 1114 3963 pugnam3
