2592 4400
174 309 230 367 ,56
517 324 657 375 uornrr
688 326 826 367 curru

167 464 218 538 mi,
232 462 338 523 deinde
352 484 474 543 corpora
486 464 608 523 deficere
620 472 780 543 eruperunt
824 464 949 545 Pigebat
962 474 993 526 et
1014 468 1182 543 consistere,

165 568 196 621 et
219 560 363 639 progredi.
406 559 499 620 Pauci
525 582 544 620 a
563 561 667 639 peritis
681 562 808 640 regionis
821 562 971 635 admoniti,
985 570 1184 642 praepararent

166 674 277 735 aquam
320 655 396 715 Haeo
418 655 569 733 paulisper
591 658 732 733 repressit
757 658 846 717 sitim.
888 657 1004 717 Deinde
1033 670 1183 719 crescente

164 757 250 825 testu,
263 770 381 811 rursum
395 750 574 812 desiderium
586 752 715 811 humoris
735 772 885 811 accensum
900 761 953 811 est
998 753 1079 832 Ergo
1098 756 1181 833 quid·

163 844 236 924 quid
248 845 310 906 viui
329 845 444 925 oleique
456 852 529 920 erat,
543 845 642 906 oribus
661 846 854 925 ingerebatur.
892 846 1044 927 Tantaque
1057 849 1182 907 dulcedo

163 939 283 1000 bibendi
295 941 362 1016 init,
372 948 408 999 ut
420 940 451 999 in
464 948 614 1018 posterum
624 941 690 999 sitis
699 960 756 1001 non
765 942 924 1002 timeretur.
946 942 1059 1003 Graves
1074 943 1191 1021 deinde,

163 1034 250 1093 avide
274 1034 379 1095 bausto
401 1027 529 1111 humore,
544 1054 602 1093 non
625 1035 770 1095 sustinere
792 1055 881 1111 arma,
897 1055 953 1095 uon
974 1036 1087 1115 ingredi
1100 1047 1181 1115 potc-

163 1136 250 1188 rant:
270 1136 302 1189 et
315 1129 462 1189 feliciores
475 1129 649 1189 videbuntur
662 1148 735 1207 quos
749 1149 823 1209 aquo
844 1130 1007 1207 defecerat3
1031 1132 1100 1189 oiim
1122 1132 1183 1209 ipsi

162 1224 226 1283 siue
238 1224 324 1284 modo
337 1224 463 1283 infusam
475 1225 588 1285 vomitu
601 1232 772 1303 cogerentur
792 1244 917 1305 egerere.

226 1320 270 1377 19.
301 1317 434 1377 Anxium
458 1317 571 1397 Regem
593 1320 684 1379 tantis
708 1320 801 1394 malis,
825 1319 995 1381 circumfusi
1021 1320 1116 1396 amici,
1144 1329 1182 1379 ut

164 1412 344 1472 meminisset
365 1416 424 1485 eui,
438 1412 599 1491 'orabant;
621 1415 711 1473 animi
735 1414 782 1474 sui
804 1414 1035 1493 magnitudinem
1058 1416 1180 1475 unicum

163 1508 324 1567 remedium
334 1508 500 1567 deficientia
513 1510 660 1569 exereitds
674 1530 757 1569 esse:
779 1514 844 1569 otim
864 1530 902 1569 ex
924 1511 969 1585 iis,
982 1511 1033 1589 qui
1056 1530 1179 1589 praeces-

161 1610 260 1663 serant
283 1604 320 1665 ad
343 1604 515 1681 capiendum
537 1604 633 1664 locum
655 1606 766 1679 caenis,
789 1606 846 1665 duo
874 1613 1039 1680 occurrunt,
1060 1606 1179 1665 utribus

161 1720 264 1779 aquam
277 1706 437 1778 gestantes,
452 1707 486 1760 ut
500 1700 568 1759 filiis
581 1702 652 1775 suia,
667 1720 739 1780 qnos
753 1702 784 1759 iu
805 1701 907 1761 eodem
927 1702 1041 1780 agmine
1056 1721 1130 1773 esse,
1147 1710 1179 1761 et

160 1797 237 1873 aegre
251 1795 315 1873 pati
336 1796 414 1855 sitim
428 1814 486 1855 uon
506 1795 687 1873 ignorabunt,
701 1795 931 1855 ‘succurrerent
975 1794 1034 1867 Qui
1055 1798 1123 1854 eum
1146 1798 1180 1855 in

159 1910 259 1971 regem
270 1890 448 1965 incidissent,
462 1890 536 1950 alter
549 1910 587 1949 ex
607 1891 653 1966 iis,
667 1891 750 1949 ‘utre
770 1890 970 1965 resoluturus
991 1890 1068 1968 quod
1090 1890 1182 1951 dmul

159 1987 279 2062 ferebat,
293 1987 404 2064 implet,
412 1986 561 2065 porrigens
571 1986 666 2065 Regi:
680 1985 729 2045 ille
738 1992 947 2063 percunctatus,
956 1985 1062 2065 quibus
1072 2004 1181 2065 equum

159 2089 322 2161 portarent,
330 2082 398 2141 filiis
411 2081 487 2141 ferre
500 2083 655 2160 cognoscit
698 2080 780 2141 Tune
794 2080 894 2159 poculo
907 2080 1001 2157 pleno,
1013 2081 1088 2140 siout
1099 2082 1180 2141 obla?

159 2187 221 2238 tum
235 2185 286 2253 est,
299 2176 424 2252 reddito,
446 2181 463 2211 “
474 2176 557 2236 ⁸blec
571 2176 679 2252 solus,''
702 2176 805 2256 inquit,
827 2180 843 2212 “
854 2175 952 2237 bibere
973 2175 1110 2252 sustineo,
1124 2196 1180 2237 nec

159 2283 220 2333 tam
232 2273 368 2352 exignum
381 2271 509 2332 dividere
522 2273 653 2332 omuibus
666 2291 788 2350 possum.
822 2271 885 2331 Vos
898 2271 1016 2346 currite,
1030 2278 1059 2330 et
1072 2267 1178 2334 liberis

159 2369 272 2443 vestris,
285 2367 362 2447 quod
374 2375 492 2445 propter
504 2367 572 2426 illos
585 2363 839 2442 attulistis,'date.”
874 2365 1001 2425 Tandem
1012 2366 1049 2425 ad
1058 2367 1177 2427 flumem

161 2463 259 2526 Oxum
272 2464 335 2542 ipse
348 2463 479 2541 pervenit
491 2464 585 2540 prima
597 2464 658 2522 ferd
672 2466 801 2540 vespert.
837 2461 894 2522 Sed
909 2462 1056 2521 exercitiis
1070 2483 1177 2542 magna

158 2578 226 2638 pars
238 2579 296 2618 nou
309 2565 442 2636 potuerat
455 2559 596 2636 consequi.
638 2556 677 2618 In
697 2557 774 2616 edito
794 2564 890 2616 monte
910 2557 991 2636 ignes
1002 2558 1087 2634 jubet
1101 2560 1174 2634 fieri,

157 2662 193 2714 ut
205 2655 237 2730 ii,
249 2654 301 2734 qui
311 2655 390 2734 mgni
404 2653 605 2732 sequebantur,
619 2651 697 2711 haud
711 2651 810 2730 proeul
824 2651 927 2712 castris
940 2671 971 2710 se
991 2652 1090 2716 abesse
1111 2674 1173 2733 eog-

157 2758 313 2811 nosoerent
355 2750 415 2810 Eos
431 2757 527 2808 autem
547 2749 598 2828 qui
619 2747 706 2825 primi
728 2747 853 2827 agminis
874 2753 965 2822 erant,
979 2751 1094 2807 mature
1108 2750 1174 2808 cibo

157 2865 192 2905 ao
205 2847 321 2925 potione
333 2846 469 2920 firmatos,
482 2843 601 2921 implere
614 2842 688 2902 alios
706 2849 796 2916 utres,
817 2842 890 2901 alios
909 2861 986 2916 vasa,
1001 2842 1173 2920 quibuscum

157 2962 233 3020 aqua
244 2941 341 3019 poss'et
354 2939 474 3017 portari,
485 2938 582 3016 jussit,
597 2956 630 2997 ae
644 2937 705 2996 suis
718 2955 801 3014 opem
816 2937 898 2998 ferre.
940 2935 997 2996 Sed
1005 2927 1056 3015 qui
1070 2937 1173 2998 intem·
1276 2961 1277 2982 2

157 3036 307 3113 perantids
319 3034 482 3108 hauserant,
497 3031 668 3092 ⁷interoluso
682 3031 785 3110 spiritu
804 3031 925 3090 extincti
945 3039 1019 3092 sunt.
1062 3031 1171 3092 Mune
1214 3097 1222 3114 .

156 3149 213 3209 que
234 3131 325 3205 major
345 3128 449 3186 horum
470 3147 607 3187 numerus
630 3127 697 3202 fuit,
720 3127 808 3206 quiem
829 3125 890 3186 ullo
907 3126 1041 3185 emiserat
1060 3129 1171 3204 praelio.

158 3228 202 3285 At
216 3223 268 3282 ille
280 3223 426 3282 thoracem
439 3222 534 3281 adhuc
547 3222 677 3298 indutus,
691 3241 744 3282 neo
756 3227 807 3281 aut
820 3221 886 3282 cibo
895 3221 1020 3280 reiectus
1031 3230 1082 3281 aut
1090 3231 1172 3300 potu,

157 3323 216 3401 qud
229 3318 362 3380 veniebat
374 3318 526 3393 exercitus,
540 3317 681 3378 constitit
725 3317 787 3376 Nec
800 3317 867 3376 ante
882 3317 1091 3376 edomandum
1112 3339 1169 3378 oor·

157 3434 212 3494 pus
234 3412 364 3488 recessit,
387 3411 713 3490 qndmprmteriersnt,
738 3411 806 3490 'qui
832 3431 932 3490 egmen
958 3412 1171 3489 sequebantur:

158 3519 305 3590 totamque
318 3527 381 3567 eum
394 3514 508 3566 noctem
520 3527 585 3566 cnm
597 3527 701 3586 magno
715 3507 802 3566 animi
812 3513 893 3565 motu
902 3506 1050 3583 perpetuis
1061 3508 1172 3586 vigiliis

157 3606 225 3684 egit.
268 3603 331 3664 Neo
343 3609 459 3683 postero
473 3602 521 3660 die
534 3601 632 3662 laetior
646 3609 728 3661 erat:
750 3601 818 3680 quia
831 3620 883 3659 nee
903 3601 1018 3679 navigia
1037 3601 1171 3678 habebat,

156 3719 209 3758 nee
230 3717 303 3776 pons
325 3698 398 3776 erigi
418 3702 543 3776 poterat,
565 3697 674 3754 circum
695 3715 809 3754 amnem
831 3695 906 3754 nudo
920 3695 989 3770 solo,
1004 3701 1034 3754 et
1048 3697 1173 3756 materiei

157 3793 283 3854 maxime
301 3794 403 3854 sterili
446 3792 607 3854 Consilium
621 3791 720 3869 igitur,
733 3790 912 3870 quodunum
926 3789 1084 3851 necessitas
1108 3791 1173 3854 sub·
