2592 4400
179 364 241 425 ato
529 382 676 431 consur
703 382 845 425 cnarrr

179 522 230 601 gia
250 519 453 600 applicabant3
475 521 516 596 bi,
530 523 601 582 dum
621 522 923 597 considerentremos
946 524 1041 601 aptari
1064 522 1203 602 prohibe

180 618 258 677 bant
301 616 429 689 Quidam
450 618 605 697 enavigare
626 626 824 697 properantes,
839 618 891 679 sed
904 637 962 679 non
985 619 1005 649 ¹⁸
1018 618 1203 697 exspectatis

179 713 232 792 qui
245 712 331 771 simul
345 732 409 771 esse
423 712 577 787 debebant,
592 712 724 773 ¹‘clauda
737 720 767 773 et
781 713 1045 793 inhabilianavigia
1059 712 1202 793 languidi

180 807 383 868 moliebantur.
424 807 505 867 Aliae
517 809 635 868 uarium
650 808 812 867 inconsulti
834 816 953 869 ruentes
968 828 1068 868 omnes
1087 827 1202 885 recepe
1276 796 1277 817 ³

180 910 264 978 rant3
285 904 453 982 pariterque
476 910 507 963 et
530 903 691 962 multitudo
712 911 742 962 et
765 904 896 981 paucitas
909 904 1085 963 festinantes
1112 922 1201 962 mora·

180 999 275 1088 betup.
319 997 437 1059 (llamor
459 997 526 1057 hinc
548 1007 726 1076 exspectare,
750 998 817 1059 hinc
844 998 887 1058 ire
908 998 1087 1076 jubentium,
1111 1000 1201 1057 diseo
1269 1046 1277 1101 ἱ

146 1166 162 1185 0
180 1113 284 1173 nmque
302 1113 388 1153 voces
410 1112 552 1172 nusquam
576 1094 654 1173 idem
673 1114 706 1153 ac
729 1113 822 1155 uuum
845 1093 1037 1171 tendentium,
1050 1114 1115 1155 non
1139 1110 1202 1152 ocu·

79 1240 84 1249 .
180 1188 275 1249 lorum
297 1190 384 1249 modd
407 1208 502 1263 usum,
524 1188 576 1249 scd
599 1189 687 1249 ctiam
712 1189 825 1249 aurium
849 1188 1038 1250 abstulerant
1098 1190 1149 1249 Ne
1173 1188 1204 1245 in

180 1283 423 1363 gubernatoribus
445 1284 563 1362 quidem
586 1283 745 1363 quidquam
769 1284 832 1362 opis
858 1290 930 1359 erat,
944 1304 1066 1363 quorum
1081 1305 1140 1345 nec
1154 1302 1204 1344 ex·

180 1378 277 1449 audiri
290 1397 349 1438 vox
371 1400 389 1437 a
412 1378 658 1439 tumultuantibus
673 1386 795 1457 poterut,
809 1398 863 1437 neo
883 1379 1037 1457 imperium
1051 1400 1068 1438 a
1084 1380 1204 1440 territis

180 1473 438 1553 incompositisque
452 1475 571 1534 servari
613 1474 694 1553 Ergo
708 1473 808 1534 collidi
822 1474 901 1533 inter
915 1494 947 1533 se
958 1494 1046 1535 naves
1061 1476 1079 1503 ¹⁵
1089 1476 1203 1537 abster

180 1569 299 1648 geriqne
321 1568 444 1627 invicem
466 1568 548 1642 remi,
562 1577 594 1627 et
617 1568 670 1627 alii
694 1568 816 1627 aliorum
841 1569 959 1647 navigia
980 1588 1086 1646 urgere
1109 1588 1203 1646 coepq·
1276 1608 1277 1615 κ

180 1674 257 1724 runt
300 1662 441 1725 Crederes
454 1683 512 1722 nou
526 1663 613 1723 unius
622 1663 771 1723 exercitlls
785 1664 907 1723 classem
921 1663 996 1737 vehi,
1007 1664 1058 1723 sed
1072 1663 1203 1723 duorum
1276 1706 1277 1745 3

96 1748 103 1759 ⁶
181 1760 284 1820 navale
307 1759 399 1819 inisse
422 1767 576 1819 esttamen.
618 1759 842 1819 Incutiebantur
856 1759 1001 1837 puppibus
1016 1778 1123 1837 prorae,
1139 1777 1203 1836 pre-

181 1856 335 1917 mebantur
349 1875 367 1914 a
379 1854 574 1933 sequentibus,
588 1854 639 1933 qui
660 1853 864 1913 antecedentes
888 1854 1083 1915 turbaverant
1132 1854 1157 1913 J
1158 1872 1202 1913 ur·

184 1952 316 2031 guutium
330 1952 375 2011 ira
390 1952 409 1981 ¹⁸
417 1950 604 2029 perveniebat
617 1953 707 2009 etiam
721 1948 759 2007 ad
772 1970 883 2009 manus.

244 2050 292 2107 31.
313 2046 439 2124 Jamque
450 2053 540 2105 aestus
561 2052 639 2103 totos
652 2043 729 2103 circa
751 2044 856 2103 fiumen
870 2062 984 2121 campos
996 2043 1201 2117 inundaverat,

180 2142 302 2204 tumulis
325 2142 469 2202 duntaxat
492 2139 696 2216 eminentibus,
710 2140 800 2200 veluti
822 2138 923 2200 insulis
946 2139 1052 2217 parvis,
1075 2139 1202 2220 inques
1275 2207 1276 2224 ἢ

180 2238 312 2316 plerique
334 2237 442 2314 trepidi
463 2237 578 2297 omissis
600 2235 727 2315 navigiis
751 2254 835 2296 enare
862 2241 1016 2312 oeperunt
1058 2234 1202 2313 Dispersa

181 2334 283 2392 classis
295 2335 404 2411 partlm
417 2332 450 2391 in
470 2332 592 2410 praealta
606 2335 681 2410 aqut
695 2331 800 2406 stabat,
814 2335 872 2408 qut
886 2329 1076 2390 subsederant
1088 2331 1199 2405 valles,

180 2430 287 2507 partim
309 2427 342 2486 in
354 2427 428 2486 vado
451 2426 589 2501 natabat,
608 2434 761 2505 utcumque
785 2425 925 2504 inaequale
938 2433 1024 2485 terrae
1048 2427 1200 2506 fastigium

180 2529 389 2600 occupaverant
400 2522 494 2597 undae,
514 2524 583 2580 eum
596 2521 693 2581 subiti
716 2539 807 2582 novus
821 2529 852 2580 et
865 2521 986 2599 pristino
1000 2522 1093 2598 major
1106 2529 1201 2581 terror

180 2606 329 2678 incutitur.
381 2617 571 2694 Reciprocarc
593 2618 681 2693 coepit
704 2637 791 2691 mare,
815 2635 919 2696 magno
943 2622 1041 2695 tractu
1064 2621 1150 2701 aquis
1170 2617 1200 2674 in
1274 2653 1275 2666 η

181 2735 267 2776 suum
292 2715 400 2773 fretam
427 2711 654 2786 recurrentibus,
685 2711 880 2790 reddebatque
903 2719 998 2771 terras
1018 2711 1107 2788 pauld
1131 2711 1197 2770 anti

181 2809 325 2890 profundo
337 2809 398 2870 salo
410 2826 526 2867 mersas
567 2805 663 2885 Igitur
685 2806 827 2866 destituta
846 2805 970 2884 navigia,
992 2805 1050 2864 ulia
1069 2803 1198 2882 praecipi·

182 2913 281 2964 tantur
307 2906 338 2964 in
364 2923 473 2982 proras,
498 2902 558 2961 alia
581 2903 611 2960 iu
633 2901 726 2960 latera
749 2900 948 2978 procumbunt.
999 2900 1095 2960 Strati
1118 2904 1199 2960 eraut

181 3001 275 3077 campi
288 3001 417 3075 sarcinis,
431 2999 529 3073 armis,
544 2997 708 3058 avulsarum
728 2996 893 3056 tabularum
906 3015 1106 3075 remorumque
1125 2997 1198 3074 frag·

180 3097 293 3154 mentis.
335 3095 424 3154 Miles
446 3114 498 3152 nec
511 3093 610 3173 egredi
633 3093 666 3150 in
686 3098 803 3166 terram,
816 3110 868 3160 nec
889 3091 920 3149 in
940 3109 1027 3150 navcs
1041 3091 1198 3152 subsistere

182 3188 316 3264 audebat,
347 3188 505 3248 identidem
538 3187 730 3266 precantibus
755 3186 890 3266 grarima
921 3205 987 3264 qnae
1014 3194 1200 3264 sequerentur
1273 3245 1274 3262 ,

182 3291 360 3362 exspectaus
403 3284 543 3362 Vixquae
554 3281 912 3361 perpetiebantur,videre
933 3281 1013 3358 ipsos
1026 3281 1198 3356 credebant3
1273 3273 1274 3332 Ῑ

182 3383 213 3441 in
226 3382 302 3440 sicco
315 3378 474 3458 mofragia,
487 3379 519 3436 in
533 3379 611 3436 amni
623 3397 721 3438 mare:
744 3396 796 3436 neo
808 3377 873 3436 finis
887 3377 1044 3454 malorum,
1070 3378 1200 3456 l'quippe
1273 3361 1274 3394 l

182 3484 284 3538 aretum
307 3475 394 3554 paulb
406 3476 473 3552 pdst
495 3493 574 3532 marc
595 3473 763 3547 relaturum,
786 3491 843 3551 quo
857 3472 974 3550 navigia
997 3472 1200 3546 allevarentur,

182 3573 288 3653 ignari,
301 3575 406 3631 murem
422 3576 451 3628 et
464 3568 567 3629 ultima
580 3568 698 3627 sibimet
711 3567 918 3628 omiuabantur.
962 3565 1076 3625 Bellum
1088 3585 1201 3646 quoque
1271 3611 1273 3632 .

183 3668 320 3728 fluctibus
334 3667 492 3739 destitutae,
506 3662 652 3724 terribiles
666 3662 852 3741 vagabantur.
894 3662 1020 3739 Jamque
1041 3681 1099 3722 uox
1119 3681 1201 3740 appe-
1272 3661 1273 3684 l

183 3762 274 3837 tebet,
287 3771 319 3822 et
338 3762 449 3841 Regem
461 3764 576 3839 quoque
599 3758 762 3836 desperatio
787 3757 891 3818 salutis
912 3757 1085 3837 aegritudine
1105 3758 1202 3816 allece

185 3865 239 3917 rau
281 3856 349 3917 Nou
373 3865 470 3916 tamen
493 3856 633 3914 invictum
655 3853 781 3912 ammom
805 3873 882 3914 curre
895 3855 1029 3927 obruunt,
1048 3851 1121 3930 quin
1140 3856 1204 3912 tott
