2592 4400
377 395 502 438 arara
526 394 579 437 rx.
606 396 693 439 car.
720 396 811 437 vrri.
1049 380 1108 439 237

83 536 167 615 perii
178 533 305 595 donatus
315 535 485 596 estlinibus
515 534 677 594 Musicanis
687 534 793 595 deinde
806 536 838 594 in
858 536 1000 595 ditionem
1013 534 1110 595 redac-

84 633 139 706 tis,
156 632 336 691 urbicorum
350 632 519 709 praesidinm
533 631 681 709 imposuit.
724 630 799 691 lude
820 631 959 707 Praestos,
973 638 1003 691 et
1017 631 1110 709 ipsam

86 727 328 805 Indiae'gentem
353 734 524 803 perventum
548 733 602 784 est.
646 724 806 802 Oxycauus
831 725 898 785 Rex
920 734 992 801 erat,
1007 726 1056 805 qui
1080 746 1110 785 se

88 823 217 881 manitas
228 822 297 880 urbi
311 841 377 879 cuni
390 825 497 900 magnit
511 840 599 879 manu
612 821 797 898 popularium
817 821 982 881 incluserat.
1026 822 1112 881 Hanc

92 918 266 977 Alexander
293 919 382 977 tertio
410 917 459 975 die
486 907 574 995 qua'm
598 923 726 995 coeperat
753 917 896 991 obsidere,
924 918 1110 995 expugnavit

91 1014 138 1073 Et
154 1012 316 1090 Oxycanus
330 1014 397 1070 cdm
411 1012 442 1069 in
456 1031 551 1070 arcem
565 1012 755 1089 confugisset,
770 1012 882 1089 legatos
896 1012 932 1071 de
947 1005 1112 1071 conditione¹

91 1108 256 1169 deditionis
270 1108 352 1165 misit
365 1107 402 1166 ad
418 1107 539 1186 Regem.
582 1106 641 1166 Sed
657 1114 813 1186 antequam
827 1108 943 1165 adirent
957 1128 1032 1181 eam,
1047 1108 1113 1167 duae

91 1213 193 1262 turres
218 1223 284 1261 cum
307 1203 421 1281 ingenti
442 1202 557 1280 fragore
582 1202 777 1279 prociderant,
791 1222 845 1279 per
867 1222 990 1281 quarum
1013 1204 1113 1261 ruinas

93 1298 275 1360 Macedones
301 1301 420 1357 ceastre
447 1298 477 1355 in
505 1316 623 1357 arcem:
655 1301 714 1375 qua
742 1302 836 1375 capta,
863 1298 1021 1377 Oxycanus
1047 1317 1114 1357 cum

91 1394 197 1471 paucis
221 1412 387 1470 repugnans
401 1392 552 1451 occiditur.
596 1392 706 1451 Diruta
728 1392 820 1472 igitur
840 1414 914 1468 arce,
930 1401 960 1452 et
982 1394 1115 1455 omnibus

92 1489 223 1568 captivis
247 1488 429 1561 venundatis,
458 1487 529 1547 Sabi
552 1488 630 1566 regis
658 1489 729 1547 fines
753 1489 901 1567 ingressus
923 1497 976 1567 est,
1002 1490 1116 1550 multis·

92 1605 154 1664 que
177 1583 294 1662 oppidis
321 1583 352 1641 in
379 1584 467 1642 fidem
495 1584 631 1661 acceptis,
654 1584 865 1643 validissimam
892 1568 986 1663 gentis
1013 1586 1115 1646 urbem

93 1680 233 1739 cuniculo
254 1679 340 1756 cepit.
382 1678 524 1737 Barbaria
546 1680 661 1737 ‘simile
675 1680 797 1738 monstri
811 1681 906 1739 visam
927 1690 980 1758 est,
993 1682 1116 1743 rudibus

94 1776 270 1835 militarium
284 1794 422 1852 operum3
445 1775 554 1853 quippe
568 1774 598 1832 in
612 1775 709 1834 media
724 1777 815 1834 fermd
831 1776 903 1837 urbe
917 1777 1021 1835 armati
1036 1781 1116 1835 terra

94 1872 274 1944 existebant,
290 1872 310 1899 ¹⁰
318 1871 400 1929 nullo
421 1871 537 1929 suffossi
550 1875 657 1947 spaciis
678 1872 746 1929 antd
760 1872 884 1950 vestigio
898 1872 985 1931 facta.
1029 1871 1118 1931 Octo-
1177 1942 1182 1955 ι

94 1968 182 2047 ginta
194 1966 289 2025 millia
301 1965 444 2025 Indorum
453 1966 485 2023 in
499 1969 535 2024 ea
546 1969 665 2044 regione
680 1985 754 2025 caesa
766 1966 932 2025 Clitarchus
947 1974 992 2025 est
1006 1975 1116 2042 auctor,

95 2064 265 2140 multosque
278 2062 410 2139 captivos
428 2063 446 2090 ¹¹
457 2061 512 2120 sub
526 2065 634 2120 corona
650 2062 670 2089 ¹¹
679 2066 802 2121 venisse.

159 2161 208 2218 27.
230 2157 351 2216 Rursds
379 2156 525 2216 Musicani
551 2155 727 2231 deiecerant,
752 2156 789 2216 ad
816 2176 889 2237 quos
916 2157 1118 2236 opprimendos

97 2255 207 2312 missus
220 2259 266 2312 est
288 2252 406 2327 Pithon,
421 2253 472 2331 qui
492 2260 613 2329 captum
629 2253 788 2331 principem
808 2253 914 2332 gentis,
929 2255 1118 2334 eumdemque

98 2349 274 2409 defectionis
288 2356 444 2422 auctorem,
458 2349 583 2406 adduxit
597 2349 635 2407 ad
658 2349 776 2430 Regem.
820 2349 884 2419 Quo
900 2351 1068 2410 Alexander
1089 2353 1118 2410 in

97 2465 217 2504 crucem
240 2444 365 2518 sublato,
379 2463 481 2503 rursus
494 2450 616 2518 amnem,
638 2443 741 2523 inquo
757 2445 877 2505 classem
899 2449 1119 2524 exspectsrc‘se
1145 2514 1148 2519 .

103 2543 246 2618 jusserat,
262 2539 376 2616 repetit.
421 2537 534 2609 Quarto
548 2539 654 2597 deinde
669 2539 731 2614 die,
743 2541 869 2600 secundo
890 2561 973 2600 amne
986 2543 1120 2619 pervenit

99 2639 136 2694 ad
157 2635 299 2713 oppidum
312 2635 371 2713 qud
395 2635 453 2692 iter
476 2635 507 2692 in
532 2654 652 2713 regnum
678 2644 742 2695 erat
767 2635 844 2696 Sabi.
887 2637 991 2714 Nuper
1015 2657 1046 2696 sc
1070 2638 1120 2698 ille
1150 2660 1154 2665 ·

99 2732 265 2804 dediderat,
279 2730 331 2788 sed
345 2730 483 2808 oppidani
505 2730 710 2790 detrectabant
735 2732 896 2808 imperium,
912 2738 942 2790 et
956 2731 1121 2790 clauserant

99 2832 209 2905 portas.
254 2825 385 2896 Quorum
403 2826 551 2903 paucitate
572 2829 747 2910 contempta,
764 2826 830 2885 Rex
845 2828 1018 2905 quingentos
1033 2827 1120 2904 Agri·

100 2942 173 2984 anos
187 2922 293 2980 muenia
307 2921 404 2980 subire
416 2925 554 2999 jusserat,
566 2929 597 2979 et
612 2923 720 2980 sensim
735 2922 903 2980 recedentes
918 2921 1021 2981 elicere
1035 2930 1121 2983 extra

100 3037 203 3078 muros
225 3017 347 3086 hostem,
372 3025 541 3076 secuturum
565 3019 704 3095 prclectd,
729 3017 754 3076 si
779 3019 880 3096 lugere
906 3037 955 3078 eos
980 3020 1120 3081 crederet

103 3114 230 3193 Agriani
244 3113 332 3188 (sicut
355 3113 530 3194 imperatum
555 3117 630 3190 erat)
654 3114 789 3172 lacessito
812 3113 904 3188 hoste,
920 3113 1017 3173 subitd
1040 3123 1122 3194 terga

102 3217 232 3283 remant,
254 3227 327 3287 quos
351 3208 478 3268 Barbari
502 3208 594 3267 effusis
619 3217 785 3288 sequentes,
800 3210 830 3267 in
854 3211 936 3287 alios,
951 3211 1027 3270 inter
1050 3231 1123 3290 quos

104 3308 165 3384 ipsc
192 3305 259 3363 Rex
283 3312 356 3378 erat,
376 3304 517 3362 incidunt.
571 3304 725 3362 Renovato
747 3306 817 3382 ergd
841 3306 952 3383 praelio,
968 3327 1004 3366 ex
1028 3308 1124 3366 tribus

104 3403 237 3462 millibus
257 3399 454 3459 Barbarorum
479 3401 610 3458 sexcenti
634 3400 703 3458 caesi
715 3389 801 3475 sunt,
816 3402 896 3461 mille
922 3402 1009 3478 capti,
1024 3403 1124 3459 caeteri

105 3496 250 3556 moenibus
263 3496 470 3554 urbisinclusi.
515 3495 603 3556 1¹Sed
625 3515 682 3554 non
704 3504 739 3554 ut
762 3497 855 3574 prima
870 3497 965 3574 specie
986 3495 1054 3554 lecta
1066 3496 1123 3555 vio·

107 3595 191 3667 toria,
207 3593 250 3650 ica
274 3600 395 3650 eventus
419 3611 532 3670 quoque
551 3591 627 3649 fuit:
648 3593 756 3669 quippe
779 3592 901 3652 Barbari
915 3572 1026 3650 ienenc
1050 3591 1125 3648 tinx-

107 3696 191 3748 erant
217 3687 339 3766 gladics.
396 3686 500 3764 Itaque
533 3687 625 3744 saucii
659 3687 782 3748 subinde
810 3685 1005 3763 exspirabant.
1062 3686 1125 3744 Nec

109 3803 195 3843 causa
208 3793 268 3841 tarn
285 3780 304 3810 ¹⁴
313 3791 440 3841 strenuae
453 3781 557 3839 mortis
571 3781 732 3858 excogitari
747 3787 862 3858 poterat
882 3801 900 3838 a
913 3779 1043 3853 medicis,
1058 3783 1125 3838 crim

111 3881 199 3939 otiam
221 3879 303 3938 leves
316 3878 411 3956 plagae
424 3877 602 3937 insanabiles
616 3883 720 3935 essent.
765 3877 784 3904 ¹⁶
794 3875 919 3936 Barbari
945 3883 1041 3934 autem
1064 3865 1126 3954 spe·
