2592 4400
195 370 237 427 92
546 384 689 435 curans
716 382 857 427 ouarrr

195 542 266 603 gem
288 542 404 602 vorago,
427 540 567 583 concursu
586 530 689 585 carata
714 522 894 599 torrentium,
916 523 927 583 i
954 524 958 533 '
993 506 1124 603 iuberet.
1168 528 1217 587 Ad

109 610 180 706 420
195 618 259 678 haec
285 618 419 678 arborum
445 618 520 677 rami
546 619 622 679 alius
647 618 707 679 alio
730 618 873 697 implicati
899 626 929 678 et
954 619 1156 697 cohaerentes,
1185 632 1217 683 ut

194 721 362 792 perpetuam
375 715 537 791 objecerant
558 734 662 792 sepem.
705 714 875 792 Desperatio
894 714 986 792 igitur
1007 715 1123 795 ingens,
1145 718 1216 777 adeo

194 810 291 869 utrix
304 810 439 888 lacrymis
458 810 645 885 abstinerent,
667 809 831 873 incesserat.
882 809 1034 887 Praeoipne
1049 811 1216 871 obscuritas

193 905 300 965 terrori
331 913 403 967 erat.
465 904 544 963 Nam
570 905 666 979 etiam,
693 904 719 963 si
745 924 810 984 qaae
841 904 935 965 sidera
961 905 1214 1153 Qternitebant,

192 1001 351 1059 continenti
363 1000 469 1061 fronde
493 1007 578 1060 tectae
599 1000 717 1060 arbores
738 987 902 1076 conspicere
923 1019 973 1077 pro
996 1000 1123 1061 'bebant
1167 1002 1214 1061 Ne

125 1064 305 1156 tassieium
327 1095 445 1175 quidem
467 1116 537 1155 naus
558 1102 722 1172 supererat3
753 1094 848 1173 sylvas
869 1094 1000 1173 quatient
1022 1158 1030 1189 ·.·
1041 1104 1141 1172 vento,
1162 1098 1213 1176 qui

191 1191 420 1257 concutientibus
440 1191 529 1249 ramis
541 1192 679 1267 majorem
692 1192 778 1269 quam
791 1210 842 1267 pro
855 1190 927 1251 fletu
940 1210 1042 1264 sonum
1054 1191 1170 1253 edebat

256 1290 299 1346 lb.
321 1286 452 1344 Tandem
477 1293 625 1363 expectata
651 1285 702 1345 lux
728 1285 831 1359 omnia,
858 1306 922 1363 quoe
948 1273 1127 1357 terribiiiora
1153 1308 1213 1347 nox

191 1382 307 1455 fecerat,
327 1382 440 1440 minuit
493 1380 648 1441 Circumiri
672 1380 754 1443 brevi
778 1380 872 1459 spatio
895 1388 1008 1457 poterat
1032 1380 1156 1459 eluvies,
1182 1390 1212 1441 et

191 1474 249 1535 sibi
269 1476 390 1555 quisque
412 1477 473 1535 dux
493 1476 609 1537 itineris
626 1485 750 1555 coeperat
771 1476 840 1537 fiori.
883 1478 903 1505 ²⁰
914 1476 1052 1535 Evadunt
1084 1482 1156 1557 ergd
1181 1480 1211 1537 in

104 1570 178 1638 4³0
191 1571 301 1637 editum
321 1571 466 1647 verticem,
479 1590 516 1629 ex
536 1590 596 1655 quo
607 1571 734 1630 bostium
759 1570 884 1629 statione
905 1576 1065 1649 conspecti,
1089 1577 1208 1635 strenuo

190 1667 295 1725 armati
314 1687 332 1725 a
350 1672 431 1745 tergo
451 1686 482 1725 se
502 1666 658 1727 ostendunt
681 1666 754 1725 nibil
778 1666 835 1725 talo
856 1666 1061 1741 metuentibus,
1083 1690 1207 1745 quorum

190 1761 284 1839 pauci,
298 1762 349 1841 qui
362 1762 497 1841 congredi
510 1762 574 1821 ansi
587 1771 677 1837 erant,
687 1762 755 1823 caesi
768 1769 842 1821 sunt.
884 1760 988 1841 Itaqrio
1002 1762 1070 1819 hino
1084 1765 1208 1821 morien·

184 1860 264 1917 tium
286 1858 419 1937 gemitus,
442 1857 509 1916 hinc
532 1858 570 1916 ad
591 1877 659 1917 snos
683 1856 891 1916 recurrentium
910 1856 1086 1917 miserabilis
1106 1859 1208 1933 facies,

190 1954 318 2033 integros
338 1973 460 2032 quoque,
474 1962 627 2031 antequam
650 1952 804 2011 discrimen
827 1952 1036 2029 experirentur,
1050 1952 1081 2011 in
1105 1954 1208 2032 sugam

116 2038 304 2110 Waiertit.
345 2048 478 2108 Fremitu
499 2048 603 2107 deinde
624 2047 655 2107 in
679 2052 782 2122 castra,
802 2046 884 2125 queis
909 2045 1048 2107 Craterus
1071 2058 1206 2125 praeerat,

189 2144 282 2220 illato,
305 2144 344 2203 ad
367 2143 546 2222 occupandas
569 2142 725 2222 angustias,
746 2142 776 2202 in
796 2141 900 2221 quibus
923 2140 1018 2220 pridie
1043 2142 1205 2220 hesitaret,

188 2240 274 2298 miles
307 2239 449 2298 educitur.
511 2239 604 2298 Simul
637 2246 667 2296 et
700 2237 833 2298 Philotas
867 2257 933 2296 cnm
965 2237 1205 2316 Polysperoonte,

190 2335 375 2412 AmJnttque
395 2342 427 2392 et
448 2332 546 2408 Coeno,
560 2333 706 2394 diversum
727 2333 781 2392 iter
801 2332 914 2412 ingredi
932 2335 1030 2409 jussus
1043 2333 1133 2392 alium
1146 2341 1204 2394 ter-

189 2418 283 2488 rorem
309 2429 408 2488 intulit
434 2429 582 2488 Barbaria.
636 2428 719 2506 Ergo
745 2427 871 2506 undique
898 2428 1088 2488 Macedonum
1114 2431 1204 2490 armis

123 2519 377 2602 idviulgcntibus,
399 2524 518 2601 ancipiti
539 2521 616 2580 malo
640 2521 779 2600 oppressi,
804 2523 988 2582 memorabile
1012 2530 1109 2582 tamen
1132 2545 1203 2602 prae·
1277 2537 1280 2662 1

189 2617 368 2678 liumedunt
410 2619 455 2679 Ut
475 2618 584 2695 opinor,
598 2617 743 2696 ignaviam
757 2637 867 2696 quoque
888 2617 1042 2678 necessitas
1056 2619 1148 2696 acuit,
1172 2627 1202 2680 et
1278 2669 1279 2672 ,

189 2717 267 2791 saepe
280 2713 440 2791 desperatio
454 2713 516 2790 spei
535 2719 693 2774 causaest.
736 2709 817 2770 Nudi
839 2711 1097 2789 complectebantur
1110 2735 1201 2774 arma·
1277 2679 1279 2748 i

172 2818 244 2883 atos,
258 2817 288 2868 et
311 2808 421 2888 ingenti
444 2827 595 2885 corporum
617 2805 692 2868 mole
713 2825 808 2870 seosun
821 2805 859 2864 ad
878 2813 986 2866 terram
1006 2806 1200 2885 detrabentes,
1278 2811 1279 2828 ¹

188 2906 316 2981 ipsorum
336 2904 404 2962 telis
427 2903 575 2981 plerosque
597 2899 752 2960 fodiebant
803 2899 1012 2960 Ariobarzanes
1038 2908 1134 2960 tamen
1161 2923 1199 2962 xa

117 2985 278 3085 ιΙίῦἷιιιιιιὸ
304 2998 449 3077 equitibus
475 3005 506 3056 et
530 2997 655 3074 quinque
681 2994 810 3055 millibus
836 2996 966 3072 peditum
993 2996 1129 3073 stipatus,
1150 3019 1199 3075 per

187 3093 312 3151 mediam
325 3094 414 3151 aciem
437 3092 628 3174 Macedonum
641 3109 706 3150 cum
724 3090 817 3150 multo
830 3109 945 3150 suorum
965 3098 1052 3172 atque
1073 3091 1200 3152 hostium

188 3187 327 3265 sanguine
347 3189 456 3265 erupit3
479 3186 658 3263 Persepolim
680 3185 781 3246 urbem
804 3191 889 3263 caput
912 3173 1036 3264 regionis
1060 3206 1199 3266 occupare

187 3283 336 3341 festinans
398 3281 456 3342 Sed
489 3300 508 3338 a
540 3280 710 3342 custodibus
748 3279 829 3340 urbis
862 3280 1004 3355 exclusus,
1039 3283 1199 3342 consecutis

187 3377 304 3436 strenue
325 3376 465 3451 hostibus,
479 3395 543 3434 cum
556 3375 688 3435 omnibus
708 3376 786 3454 fugae
806 3375 958 3434 comitibus
979 3384 1116 3436 renovato
1128 3397 1198 3454 prae

93 3455 178 3540 ,W
187 3474 227 3533 lio
240 3472 350 3532 cecidit.
393 3470 530 3531 Crateras
543 3489 654 3549 quoque
667 3472 775 3548 raptim
789 3469 899 3548 agmine
913 3477 976 3528 acto
991 3473 1164 3548 supervenit

247 3569 285 3628 V.
311 3572 353 3627 17.
376 3567 442 3626 Rex
463 3566 563 3650 eodem
582 3563 614 3622 in
636 3565 706 3639 loco,
729 3584 785 3643 quo
806 3564 933 3623 bostium
957 3565 1053 3642 copias
1073 3566 1196 3641 fuderat,

186 3670 281 3721 castra
302 3661 497 3721 commrmivit
539 3657 706 3737 Quanquam
730 3662 807 3720 enim
830 3659 954 3737 undique
978 3661 1073 3738 fugati
1101 3661 1196 3721 hostes
1271 3651 1276 3665 ’

187 3757 337 3817 victoriam
359 3762 565 3830 concesserant,
578 3762 674 3812 tamen
695 3754 821 3830 praealtae
844 3754 1062 3833 praecipitesque
1085 3756 1196 3830 ¹f0ssae,

186 3850 319 3930 pluribus
331 3851 402 3912 locis
414 3851 541 3929 objectae,
555 3850 728 3927 abruperant
741 3849 807 3924 iter,
821 3851 982 3927 sensimque
995 3856 1025 3908 et
1037 3851 1121 3910 caute
1135 3869 1195 3930 pro·
1272 3926 1277 4160 1
