2592 4400
379 300 502 341 mann
531 299 624 339 vrri.
658 300 743 339 oar.
772 300 824 340 ιιι.
925 272 928 277 ’
1049 282 1108 341 205

97 459 167 499 saxa
190 440 222 500 in
245 439 399 501 subeuntes
425 437 658 516 provolventibus
684 436 840 516 Barbaris3
870 438 951 517 queis
977 439 1112 517 perculsi,

96 534 230 595 instabili
243 542 273 593 et
294 534 403 594 lubrico
421 533 514 613 gradu
532 532 694 611 praecipites
714 533 888 594 recidebant
930 534 1113 594 'Evaserant

97 637 195 690 tamen
207 629 376 710 Alexander
390 635 420 687 et
440 627 562 703 Charus,
581 646 654 705 quos
675 646 740 685 cum
761 629 883 707 triginta
905 629 1024 689 delectis
1042 650 1113 707 prae·
1216 688 1218 693 .

97 726 217 785 miserat
242 725 316 799 Rex,
340 731 370 782 et
386 725 447 801 jam
467 743 593 803 pugnare
613 724 745 782 cominus
767 732 915 801 coeperant.
967 725 1025 787 sed
1051 730 1115 783 cum

98 820 223 898 superne
238 820 295 879 tela
307 820 433 879 Barbari
441 820 613 897 ingererent,
624 820 729 897 sospitis
744 822 761 847 ¹⁰
771 820 827 897 ipsi
841 820 1018 880 feriebantur
1028 822 1115 899 quem

99 916 295 976 vulnerabant.
350 914 430 993 Ergo
457 914 624 973 Alexander
651 919 681 973 et
708 914 830 974 nominis
852 915 907 989 sui,
929 923 959 973 et
978 914 1116 992 promissi

99 1030 219 1085 memor,
232 1011 305 1069 dnm
323 1011 421 1069 acrius
432 1011 521 1087 quim
534 1010 650 1069 cautius
672 1010 800 1085 dimicat,
816 1010 965 1069 confossus
987 1011 1115 1087 undique

101 1106 244 1166 obruitur.
286 1104 379 1177 Quem
398 1113 433 1164 ut
447 1104 570 1165 Charus
577 1107 720 1181 jacentem
734 1105 890 1181 conspexit,
904 1124 988 1164 ruere
1001 1105 1033 1164 in
1052 1106 1117 1163 hos·

102 1209 171 1276 tem,
196 1201 323 1260 omnium
346 1208 451 1277 praeter
475 1200 614 1259 ultionem
640 1201 798 1275 immemor,
821 1200 923 1279 coepit;
955 1199 1118 1278 multosque

102 1298 198 1372 hasta,
218 1296 357 1375 quosdam
377 1296 475 1375 gladio
496 1296 651 1355 interemit.
693 1296 753 1357 Sed
773 1300 903 1355 cimtot
921 1316 1011 1354 unum
1031 1296 1118 1354 inees-
1190 1296 1193 1305 '

103 1398 202 1453 ament
214 1411 326 1466 manns,
340 1410 426 1469 super
447 1390 531 1449 amici
545 1410 649 1467 corpus
672 1390 826 1467 procubuit
839 1391 988 1451 exanimis
1030 1390 1119 1450 Haud

103 1491 189 1547 secus
212 1487 299 1564 quam
323 1493 459 1563 parerat
480 1485 761 1563 promptissimorum
781 1488 920 1564 juvenum
940 1494 1120 1546 caeterorum·

104 1602 160 1661 que
183 1581 312 1639 militum
335 1581 457 1641 interitu
476 1586 634 1640 commotus
656 1581 730 1656 Rex,
744 1581 858 1660 signum
879 1582 1009 1659 receptui
1029 1581 1118 1641 dedit

104 1678 203 1739 Saluti
215 1675 374 1756 fuit,.quod
397 1678 502 1736 semim
515 1683 545 1735 et
565 1675 706 1753 intrepidi
719 1696 750 1737 se
770 1685 946 1755 receperunt.
989 1678 1030 1737 Et
1050 1676 1121 1736 Bur·

103 1774 168 1834 bari
181 1774 296 1831 hostem
308 1772 452 1849 depulisse
464 1770 591 1850 contenti
603 1790 662 1830 non
675 1772 807 1833 institere
820 1773 994 1833 cedentibus

167 1873 213 1927 38.
237 1866 385 1939 Caeterum
398 1867 575 1942 Alexander,
589 1870 653 1925 cum
674 1868 824 1926 statuisset
837 1867 979 1927 desistere
999 1867 1121 1944 incepto,

106 1963 223 2043 (quippe
236 1962 318 2029 nulla
330 1981 395 2037 spes
408 1960 557 2038 potiundae
578 1969 670 2039 petrae
682 1961 875 2041 offerebatur),
889 1968 985 2019 tamen
1001 1959 1122 2039 speciem

105 2056 236 2117 ostendit
257 2056 289 2115 in
301 2056 451 2116 obsidione
471 2056 688 2133 perseverantis.
730 2055 808 2115 Nam
821 2064 851 2115 et
874 2057 980 2115 itinera
993 2056 1121 2117 obsideri

110 2152 212 2232 jussit,
226 2158 257 2212 et
269 2159 363 2211 turres
375 2150 530 2226 admoveri,
543 2158 573 2210 et
585 2151 719 2230 fatigatis
739 2150 811 2212 elios
831 2151 989 2213 succedere.
1033 2150 1123 2230 Cujus

105 2248 267 2326 pertimuit
290 2248 415 2325 cogniti,
429 2247 497 2305 Indi
517 2267 569 2323 per
592 2246 712 2306 biduum
725 2247 851 2326 quidem,
866 2267 899 2306 ao
920 2247 992 2306 duas
1014 2255 1123 2324 noctes,

106 2364 173 2404 cnm
205 2342 397 2402 ostentatione
428 2361 486 2399 non
517 2341 631 2402 fiduciae
659 2342 754 2418 modd,
783 2342 833 2402 sed
867 2343 954 2402 etiam
984 2343 1123 2418 victoriae,

107 2439 218 2516 epulati
231 2444 308 2512 sunt,
323 2444 459 2515 tympana
479 2457 531 2495 suo
545 2456 624 2496 more
645 2438 801 2514 pulsantes.
843 2438 944 2498 nertin
958 2442 1026 2500 verb
1040 2446 1124 2498 nocte

106 2543 307 2612 tympanorum
329 2532 445 2610 quidem
468 2533 609 2610 strepitus
633 2532 759 2592 desierat
789 2533 901 2594 audiri:
933 2539 1067 2594 ceeterim
1087 2554 1124 2593 ex

106 2634 172 2688 tota
194 2632 278 2705 petre
301 2628 379 2685 faces
405 2627 598 2706 mfmgebant,
625 2647 697 2706 quas
728 2629 916 2688 accenderant
936 2629 1068 2705 Barbari,
1090 2636 1124 2688 nt

108 2723 202 2782 tutior
230 2729 305 2782 esset
331 2723 403 2801 ipsis
430 2724 508 2801 fuga,
529 2723 651 2782 obscura
678 2731 761 2782 noete
788 2744 838 2801 per
865 2723 945 2783 invia
964 2743 1035 2784 saxa
1061 2743 1124 2783 cur-

107 2819 195 2879 suris.
246 2819 322 2893 Rex,
351 2818 473 2876 Balacro
497 2818 549 2897 qui
573 2819 768 2896 specularetur
793 2819 950 2896 praemisso,
979 2821 1124 2896 cognoscit

107 2920 223 2991 petram
235 2913 305 2991 fuga
319 2913 459 2972 Indorum
472 2932 535 2971 esse
548 2913 699 2974 desertam.
742 2913 818 2972 Tum
832 2913 901 2971 dato
914 2913 996 2991 signo
1011 2921 1044 2971 ut
1062 2914 1124 2972 uni·

108 3011 188 3070 versi
208 3007 425 3078 conclamarent,
449 3009 634 3086 incompositi
658 3009 837 3088 fugientibus
858 3015 967 3068 metum
994 3009 1123 3086 incussit,

107 3104 251 3182 multique
276 3104 428 3182 (tanquim
450 3103 566 3163 adesset
588 3103 694 3184 hostis)
717 3124 767 3182 per
789 3104 900 3164 lubrica
920 3121 999 3187 saxa,
1019 3125 1124 3184 perque

107 3200 205 3260 invias
218 3206 297 3258 cotes
310 3199 486 3275 praecipitati
499 3198 672 3258 occiderunt.
701 3199 805 3258 Plures
819 3199 916 3279 aliqua
929 3201 1123 3282 membrorum

108 3302 191 3374 parte
210 3294 343 3352 mulctati
357 3294 394 3353 ab
415 3294 538 3372 integris
551 3293 661 3352 deserti
682 3301 756 3355 sunt.
797 3295 873 3370 Rex,
886 3295 1012 3355 locorum
1032 3296 1124 3374 magis

108 3394 197 3470 quim
216 3390 344 3448 hostium
356 3389 457 3464 victor,
486 3391 505 3418 ¹¹
515 3396 612 3448 tamen
632 3407 744 3467 magnae
767 3390 895 3451 victoriae
921 3391 1068 3451 sacrifieiis
1094 3397 1124 3448 et

109 3486 192 3544 cultu
213 3484 312 3544 Dedm
331 3484 478 3557 satisfecit.
519 3485 591 3544 Arae
611 3484 643 3542 in
664 3489 747 3562 petrt
769 3485 870 3545 locatae
893 3493 961 3544 sunt
983 3483 1124 3566 Minervae

110 3581 317 3658 Victoriaequa
367 3578 497 3640 Ducibus
523 3579 644 3654 itineris,
671 3582 729 3659 qud
749 3580 846 3641 subire
871 3583 998 3656 jusserat
1018 3579 1123 3640 leviter

109 3683 246 3752 armatos,
273 3674 329 3734 etsi
358 3674 508 3752 promissis
533 3675 645 3734 minora
670 3675 878 3755 praestiterant,
905 3673 1030 3752 pretium
1059 3692 1122 3732 cum
