2592 4400
191 440 252 499 246
540 452 680 503 curari
707 452 848 493 auarus

191 596 309 655 talentis
323 593 389 652 emi.
431 590 557 651 Plenum
581 610 652 651 esse·
665 590 829 651 belluarum
846 610 942 668 mare3
965 591 1060 651 ⁸aestu
1082 591 1212 651 seeundo

191 710 239 751 aas
252 690 332 765 ferri,
345 708 513 768 magnarum
535 688 652 747 navium
672 706 793 765 corpora
817 697 982 765 aequantes:
1004 688 1100 746 'truci
1122 694 1212 746 cantu

191 783 347 843 deterritas
361 783 443 861 sequi
466 782 597 856 classem,
611 801 679 839 oum
701 801 804 859 magna
828 782 951 859 aequorm
973 782 1108 858 strepitu,
1127 782 1212 841 velut

190 878 321 938 demersa
333 878 456 956 navigia,
472 877 585 936 subisse
599 896 696 956 aquas.
738 874 875 937 ‘Caetera
889 876 992 935 ineolis
1006 877 1210 936 crediderant:

191 973 266 1033 inter
285 994 351 1054 quae
374 974 495 1034 rubrum
517 993 605 1047 mare,
619 992 679 1031 non
699 972 826 1031 acolore
847 972 1000 1047 undarum,
1015 980 1050 1030 ut
1075 973 1210 1052 plerique

190 1068 349 1145 crederent,
365 1068 416 1129 sed
430 1070 467 1130 ab
482 1068 614 1147 Erytbrb
630 1068 713 1147 Rege
727 1066 875 1144 appellari.
919 1066 995 1125 Esse
1009 1066 1088 1125 haud
1102 1068 1211 1145 procul

188 1185 207 1224 a
234 1164 394 1223 continenti
420 1163 544 1221 insulam
579 1162 684 1240 palmis
712 1162 912 1241 frequentdrus
941 1163 1090 1239 consitam,
1118 1171 1151 1221 et
1179 1164 1210 1221 in

189 1258 286 1318 medio
299 1259 360 1317 ferd
381 1277 498 1317 nemore
511 1256 674 1316 columnam
694 1257 830 1331 eminere,
847 1256 986 1334 Erythrae
1000 1256 1093 1335 Regis
1107 1277 1219 1315 manu·-

188 1360 328 1427 mentum,
342 1352 450 1411 litteris
471 1353 567 1431 gentis
591 1355 656 1430 ejus
680 1353 825 1430 scriptam.
876 1352 1075 1430 Adjiciebant,
1090 1354 1211 1431 navigia

189 1468 255 1527 quae
269 1448 343 1506 lixas
357 1456 587 1527 mercatoresque
601 1448 758 1522 vexisseut,
773 1449 880 1506 famam
900 1448 964 1506 auri
979 1449 1088 1507 secutis
1101 1449 1212 1527 guber·

188 1542 348 1619 natatibus,
371 1544 402 1602 in
427 1544 552 1603 insulam
575 1564 639 1604 esse
667 1544 844 1619 transmissa,
868 1564 921 1603 nec
950 1544 1056 1602 deinde
1080 1544 1137 1603 ’ab
1163 1545 1212 1603 his

188 1646 292 1718 postea
304 1640 375 1700 visa
419 1638 486 1699 Rex
500 1640 691 1718 cognoscendi
700 1640 786 1718 plura
799 1640 935 1718 cupidine
946 1658 1091 1713 accensus,
1100 1642 1212 1699 rursds

190 1754 240 1795 eos
261 1735 395 1793 ¹'terram
415 1734 511 1813 legere
531 1735 625 1813 jubet,
640 1735 732 1794 donec
756 1734 793 1793 ad
819 1734 1002 1812 Euphratem
1025 1734 1213 1812 appellerent

189 1830 329 1906 classem,
359 1830 429 1889 iude
462 1830 583 1889 adverso
607 1850 690 1889 amne
718 1829 899 1908 Babylonem
924 1830 1081 1890 subituros.
1133 1829 1212 1909 Ipse

189 1926 286 1985 animo
300 1926 413 1984 infinita
431 1925 600 2003 complexus
624 1932 778 2000 statuerat,
794 1926 872 1983 omui
896 1925 934 1983 ad
950 1924 1101 1985 Orientem
1119 1927 1211 1987 mari·
1281 1946 1282 1949 ’

189 2022 263 2080 tima
277 2022 395 2101 regione
408 2020 582 2099 perdomita,
597 2040 634 2078 ex
656 2020 742 2098 Syria
764 2027 862 2098 petere
877 2022 1017 2094 Africam,
1033 2020 1210 2099 Carthagini

189 2116 343 2177 mfensus:
378 2118 446 2176 inde
474 2116 624 2176 Numidiae
656 2116 863 2176 solitudinibus
890 2117 1059 2194 peragratis,
1088 2136 1209 2177 cursum

189 2213 288 2273 Gades
311 2213 445 2292 dirigere.
488 2212 537 2273 Ibi
559 2232 682 2291 namque
704 2213 852 2271 columnas
876 2213 1016 2272 Herculis
1040 2215 1211 2288 esse,la1ua

188 2307 364 2385 vulgaverat.
409 2307 567 2386 Hispanias
592 2307 708 2382 deindel,
728 2328 813 2385 quam
839 2307 969 2367 Ibemam
996 2307 1093 2368 Graeci
1117 2329 1134 2366 a
1155 2311 1210 2368 flu·

187 2404 266 2463 mine
279 2402 367 2462 Ibero
381 2404 531 2477 vocabant,
547 2405 567 2432 ¹¹
579 2404 670 2479 adire,
685 2411 715 2462 et
735 2404 908 2481 praetervehi
929 2404 1032 2482 Alpes,
1048 2404 1210 2484 Italiaeque

188 2519 277 2572 oram,
297 2499 377 2556 uude
400 2499 431 2556 in
457 2499 581 2576 Epirum
605 2500 702 2559 brevis
727 2517 828 2558 cursus
854 2507 907 2559 est
947 2500 1049 2578 'Igitur
1072 2501 1208 2580 Mesopo

188 2594 286 2653 umiae
300 2593 482 2654 Praetoribus
506 2595 667 2672 imperavit,
682 2597 805 2654 materia
818 2595 849 2653 in
873 2595 986 2655 Libano
1008 2605 1105 2655 monte
1120 2602 1210 2675 caesa,
1281 2615 1282 2624 ³

189 2689 367 2769 devectaque
381 2690 418 2747 ad
439 2689 537 2749 urbem
558 2689 653 2767 Syriae
677 2691 867 2769 Thapsacum,
882 2691 1112 2770 octingentarum
1133 2694 1207 2752 eari-

188 2806 240 2845 nas
254 2787 372 2847 navium
385 2803 507 2865 ponere,
530 2787 700 2864 septiremes
714 2805 813 2846 omues
834 2807 906 2861 esse,
922 2787 1084 2867 deducique
1104 2788 1206 2866 Baby·

188 2883 303 2944 lonem:
327 2881 501 2961 Cypriorum
515 2883 648 2962 Regibus
671 2884 852 2960 imperatum,
867 2891 901 2941 ut
922 2903 971 2957 aes,
987 2891 1160 2962 stuprumque
1175 2892 1208 2944 et
1281 2953 1282 2972 ,

188 2979 254 3038 vela
267 2979 435 3056 praeberent
480 2979 554 3038 Haeo
577 2979 684 3058 agenti,
699 2979 771 3037 Pori
785 2986 815 3036 et
836 2979 949 3037 Taxilis
965 2978 1081 3058 Regum
1094 2979 1207 3040 litterae
1281 2975 1282 3058 l

189 3072 355 3147 traduntur,
383 3075 538 3134 Abisarem
569 3073 678 3149 morbo,
707 3073 877 3152 Philippum
906 3075 1085 3133 Praefectum
1111 3075 1206 3154 ipsius
1281 3059 1282 3076 ³

189 3185 225 3224 ex
251 3167 370 3225 vulnere
399 3169 553 3244 interiisse,
581 3187 791 3248 oppressosque
818 3170 868 3248 qui
895 3169 1101 3228 vulnerassent
1128 3191 1204 3230 eum.
1281 3211 1282 3252 3

190 3260 288 3338 Igitur
303 3261 440 3338 Philippo
462 3264 623 3323 substituit
630 3265 856 3324 Eudaemonem:
886 3264 956 3323 Dux
970 3271 1033 3322 erat
1047 3265 1203 3325 Thracum
1281 3255 1282 3292 f

190 3356 323 3416 Abisaris
337 3376 457 3434 rognum
470 3357 530 3416 lilio
544 3362 606 3435 ejus
620 3360 765 3419 attribuit.
1281 3419 1282 3422 ,

248 3457 274 3511 3.
306 3452 437 3512 Ventum
464 3459 511 3511 est
538 3454 643 3512 deinde
672 3454 872 3532 Persagadas:
902 3454 1022 3513 Persica
1048 3462 1095 3514 est
1122 3475 1206 3534 gens,

188 3551 272 3625 cujus
288 3548 425 3625 Satrapes
442 3546 564 3608 Orsines
586 3557 657 3624 erat,
672 3550 825 3610 nobilitate
839 3570 872 3608 ae
888 3549 999 3608 divitiis
1013 3550 1090 3609 inter
1104 3571 1207 3612 amnes
1281 3617 1282 3640 ,

188 3643 335 3722 Barbaros
357 3643 494 3703 eminens.
537 3643 637 3704 Genus
660 3645 784 3705 ducebat
806 3666 823 3704 a
846 3645 933 3723 Cyro,
953 3646 1100 3724 quondam
1121 3647 1206 3727 Rege
1281 3653 1282 3722 j

188 3738 353 3797 Persarum.
397 3737 477 3816 Opes
501 3747 532 3797 et
555 3760 572 3797 a
595 3741 754 3816 maj0ribus
778 3741 902 3800 traditas
928 3740 1063 3816 habebat,
1087 3749 1118 3800 et
1142 3743 1206 3820 ipse
1281 3731 1282 3754 l

187 3833 275 3912 longa
295 3833 409 3914 imperii
432 3835 612 3912 possessione
625 3835 831 3894 cumulaverat.
876 3836 909 3895 Is
930 3835 1009 3915 Regi
1029 3855 1097 3894 cum
1111 3840 1205 3898 omnis
1281 3875 1282 3892 t

185 3929 301 4008 generis
314 3930 405 4006 donis,
419 3951 476 3988 non
498 3931 555 4009 ipsi
578 3930 664 3990 modo
680 3951 723 4005 ea,
737 3930 789 3990 sed
810 3931 898 3990 etiam
919 3931 1021 3990 amieis
1035 3933 1100 4009 ejus
1121 3933 1203 3996 dam.
1281 3939 1282 3942 ’
