2592 4400
431 437 554 477 mann
581 437 617 476 x.
650 436 735 477 car.
767 436 801 477 v.
1024 440 1028 447 ·
1064 418 1125 477 255

98 578 229 638 retinere
241 583 414 654 potuerunt;
436 575 559 655 vagique
570 581 602 635 et
613 573 775 635 furentibus
789 574 907 649 similes,
922 578 1014 635 totam
1023 571 1125 635 urbem

99 673 186 732 luctu
199 692 232 731 ao
244 691 365 731 moerore
385 670 613 748 compleverunt;
635 669 726 730 nullis
746 670 896 748 questibus
909 668 1033 744 omissis,
1053 686 1124 748 ques

102 768 136 827 in
149 767 205 825 tali
219 786 289 826 casu
301 766 382 825 dolor
396 766 534 845 suggerit
604 780 616 793 ‘
969 819 972 833 ,

170 866 213 921 13.
235 862 317 941 Rrgd
331 861 383 941 qui
406 869 490 922 extra
502 863 612 941 regiam
635 860 800 935 astiterant,
821 859 994 921 Macedones
1014 860 1126 938 pariter

96 958 290 1036 Barbarique
303 964 485 1032 concurrunt,
497 976 552 1019 neo
571 962 707 1036 poterant
720 956 792 1017 victi
806 976 824 1015 a
836 956 994 1017 victoribus
1008 955 1038 1014 in
1051 975 1125 1015 eom·

100 1053 183 1111 muni
197 1053 296 1113 dolore
309 1052 461 1113 discerni
485 1052 584 1113 Perseo
602 1052 800 1129 justissimum
823 1070 857 1109 ac
878 1050 1063 1109 mitissimum
1076 1051 1125 1111 do·

101 1149 223 1224 minum,
238 1148 411 1207 Macedones
430 1148 571 1226 optimum
594 1166 629 1206 ac
648 1147 841 1207 fortissimum
862 1147 974 1227 Regem
994 1145 1125 1206 invocan-

101 1251 157 1320 tes,
182 1245 344 1303 ⁵certamen
366 1243 509 1322 quoddam
530 1241 662 1302 moeroris
689 1242 819 1302 edebant.
869 1240 932 1301 Nee
958 1247 1125 1301 moestorum
1152 1250 1153 1255 ’

101 1341 210 1415 eoldm,
224 1339 379 1399 sedetiam
401 1338 614 1417 indignantium
627 1357 711 1398 voces
728 1337 968 1413 exaudiebantur,
982 1345 1042 1396 tem
1056 1336 1124 1397 viri·

102 1434 180 1509 dem,
208 1443 239 1493 et
260 1433 292 1493 in
314 1435 383 1495 flore
404 1434 503 1495 aetatis
525 1434 717 1512 fortunaeque,
741 1433 853 1493 invidis
875 1433 973 1493 Derim
995 1440 1124 1511 ereptum

101 1550 167 1589 esse
179 1530 268 1590 rebus
287 1528 428 1590 humenis.
469 1529 564 1607 Vigor
584 1531 648 1606 ejus
670 1535 700 1587 et
713 1529 813 1587 vultus
835 1529 982 1589 educentis
1001 1529 1033 1588 in
1053 1548 1125 1605 pree·

101 1625 179 1686 lium
190 1624 307 1699 milites,
322 1623 481 1684 obsidentis
493 1623 590 1699 urbes,
603 1623 769 1684 ‘evadentis
782 1624 814 1682 in
824 1642 929 1700 muros,
942 1624 1033 1683 fortes
1045 1624 1125 1684 viros

102 1740 157 1798 pro
179 1719 317 1778 concione
337 1718 480 1794 donantis,
504 1702 693 1779 occuriebant
713 1719 812 1779 oculis.
855 1719 931 1777 Tum
952 1718 1126 1779 Macedones

103 1815 220 1875 divinos
241 1814 363 1873 honores
383 1818 504 1893 negdsee
517 1815 544 1873 ei
564 1814 740 1891 poenitebat;
763 1814 922 1893 impiosque
945 1821 974 1872 et
996 1814 1125 1892 ingratos

9 1931 10 1944 ¹
102 1911 196 1970 firisse
218 1929 249 1969 se
271 1910 487 1985 confitebantur,
511 1910 590 1989 quod
613 1928 696 1969 aures
724 1912 788 1987 ejus
811 1909 910 1970 debite
931 1908 1125 1985 appellatione

102 2006 299 2065 fraudtesent
340 2004 383 2063 Rt
405 2007 473 2063 edm
497 2004 549 2064 diu
569 2024 646 2063 nune
670 2004 700 2062 in
722 2004 915 2079 ueneratione,
929 2003 1057 2067 nuncin
1078 2003 1125 2063 de·

105 2100 214 2161 siderio
236 2099 327 2179 Regis
347 2094 508 2175 haesissent,
523 2100 554 2158 in
575 2100 654 2178 ipsos
667 2118 750 2159 verse
771 2098 918 2159 miseratio
933 2105 987 2158 est.
1030 2098 1124 2158 Mace·

105 2196 196 2258 donist
216 2195 339 2272 profecti
361 2195 442 2254 ultrt
463 2194 645 2273 Euphratem
667 2194 769 2254 mediis
792 2194 926 2257 hostibus
948 2215 1053 2255 novum
1072 2194 1124 2256 im·

72 2314 76 2320 ·
105 2293 220 2370 perium
233 2291 461 2369 aepemantibus,
476 2291 632 2351 destitutos
652 2309 683 2352 se
704 2310 765 2351 esse
779 2291 949 2351 cernebant:
971 2291 1032 2349 sine
1046 2297 1125 2351 certo

105 2388 200 2466 Regis
213 2386 337 2461 haerede,
350 2386 479 2464 publicas
492 2387 569 2446 vires
582 2387 620 2446 ed
633 2405 664 2447 se
677 2406 817 2466 quemque
831 2393 998 2446 tracturum
1040 2385 1126 2446 Bella
1193 2397 1198 2406 ’

106 2481 214 2544 deinde
248 2482 356 2556 civilia,
387 2501 454 2560 quae
487 2488 587 2540 secuta
619 2489 697 2558 sunt,
723 2483 868 2543 mentibus
902 2471 1124 2562 augurabantur.

105 2578 221 2639 Iterum
243 2571 320 2638 'no'n
342 2577 378 2635 de
400 2597 489 2656 regno
510 2577 602 2652 Asiae,
624 2577 676 2637 sed
696 2577 733 2636 de
755 2577 845 2657 Rege,
865 2578 937 2656 ipsis
957 2571 1125 2656 sauguhrem

105 2693 171 2734 esse
191 2672 376 2732 fundendum.
426 2671 519 2732 Novis
541 2672 708 2733 vulneribus
729 2681 840 2733 veteres
861 2672 1032 2750 rumpendas
1054 2675 1125 2732 eice·

104 2769 202 2828 trices,
253 2767 342 2828 Senes
366 2766 484 2842 debiles,
508 2768 594 2826 modd
616 2767 711 2844 petits
733 2767 868 2826 missione
892 2788 910 2826 a
933 2770 1013 2844 juste
1034 2768 1125 2847 Rege,

105 2882 183 2921 nuno
202 2865 359 2923 morituros
379 2861 450 2940 'pro
463 2863 594 2940 potentie
608 2862 731 2921 forsitan
750 2861 886 2921 satellitis
906 2861 1028 2938 alicujus
1046 2861 1125 2941 igno·

172 3054 216 3112 14.
238 3052 302 3110 Hes
316 3050 506 3129 cogitationes
515 3050 707 3124 volventibus,
720 3069 777 3110 nox
787 3049 961 3127 supervenit,
975 3055 1126 3110 terrorem-
1189 3056 1191 3064 ’

107 3167 166 3225 que
190 3146 281 3205 auxit.
323 3147 436 3205 Milites
458 3146 489 3207 in
512 3147 599 3206 arnds
622 3135 791 3226 vigilabant,
819 3146 985 3225 Babylonii,
1014 3147 1090 3208 elius
1110 3167 1127 3208 e

105 3243 208 3316 muris,
233 3241 308 3300 clius
329 3241 453 3300 culmine
474 3241 520 3300 sui
542 3241 663 3321 quisque
688 3243 765 3317 tecti,
787 3243 1018 3320 prospectabant,
1044 3243 1127 3322 quasi

108 3336 235 3396 certiora
259 3335 357 3396 visuri
413 3335 476 3396 Nee
502 3337 653 3415 quisquam
679 3337 788 3397 lumina
815 3337 939 3398 audebat
965 3338 1125 3398 accendere.

107 3430 150 3490 Et
173 3431 242 3509 quia
256 3430 403 3490 oculorum
426 3431 555 3492 cessabat
578 3450 656 3506 usus,
677 3431 831 3492 'fremitus
851 3449 990 3510 vocesque
1010 3430 1127 3490 curibus

107 3525 273 3603 captabant.
322 3525 369 3584 Ae
394 3526 563 3606 plerumque
585 3547 659 3587 vano
683 3533 762 3586 metu
784 3527 890 3602 territi,
917 3525 1126 3604 perobscurus

106 3622 227 3679 semitas
240 3620 315 3680 clius
328 3619 380 3678 alii
394 3614 587 3696 occursantes,
601 3623 724 3682 invicem
744 3622 869 3699 suspecti
883 3629 912 3688 et
925 3619 1044 3680 solliciti
1056 3619 1126 3678 fere·

9 3779 10 3784 ,
104 3715 220 3777 bantur.
264 3715 373 3792 Persae,
397 3718 487 3776 comis
507 3736 561 3776 suo
583 3737 663 3777 more
687 3717 825 3791 detonsis,
851 3716 882 3776 in
903 3713 1020 3793 lugubri
1046 3721 1126 3774 veste

105 3830 171 3870 cum
192 3810 363 3890 conjugibus
384 3830 419 3870 ac
439 3811 550 3885 liberis,
564 3831 622 3872 nen
642 3818 677 3870 ut
691 3809 839 3884 victorem,
855 3818 886 3867 et
905 3807 990 3871 modd
1004 3808 1126 3884 hostem,

104 3907 157 3970 sed
178 3913 214 3966 ut
234 3906 330 3986 gentis
351 3925 412 3967 suec
431 3906 626 3984 justissimum
650 3907 770 3986 Regem,
792 3925 860 3964 vero
882 3903 1024 3964 desiderio
1047 3904 1125 3985 luge·
