2592 4400
159 350 216 409 1³2
505 362 650 411 ourani
674 360 816 403 ausuri
848 335 855 353 '

154 505 243 565 stiam
265 524 284 565 a
303 503 410 582 quibus
434 500 520 581 prodi
542 508 698 580 potestat
718 505 833 563 odmde
856 524 887 565 se
908 504 1066 581 fateantur,
1088 502 1174 563 illum

154 609 253 660 tamen
267 599 369 659 oelent
413 596 563 659 ceterum
585 594 733 655 Philotam
756 598 847 675 ipsius
869 600 980 659 indicat
994 598 1066 659 vita.
1113 599 1175 659 Hio

155 696 304 773 Amynta,
317 694 370 773 qui
393 692 466 751 milri
487 691 675 752 consobrinus
695 692 762 768 init,
778 700 808 751 et
829 694 860 753 in
885 693 1061 754 Macedonis
1083 694 1175 772 ospiti

154 808 219 849 mso
242 788 348 869 impias
371 786 550 867 eomparasit
574 786 705 862 insidias,
720 788 830 849 sooium
852 808 883 849 se
907 796 938 849 et
961 790 1109 849 oonseium
1126 790 1175 849 ad·

161 885 269 964 junxit.
320 884 381 943 Hie
404 882 518 958 Attalo,
541 901 599 962 quo
622 882 786 961 graviorem
810 884 958 943 inimicum
985 902 1043 943 non
1071 884 1174 958 habui,

154 1000 281 1041 sororem
295 1000 377 1039 suam
399 980 430 1038 iu
450 976 666 1037 matrimonium
681 978 771 1037 dedit.
816 978 885 1057 Hie,
905 985 968 1040 oum
991 980 1176 1058 scripsissem

154 1070 256 1155 eiprd
278 1079 344 1155 jure
367 1082 428 1134 tam
451 1072 602 1134 familiaris
623 1076 698 1131 uslls
719 1080 806 1154 atque
830 1076 976 1151 amioitiae,
991 1075 1086 1155 qualis
1107 1094 1175 1135 sors

154 1172 236 1232 edita
269 1179 357 1248 esset,
385 1170 472 1229 Josis
507 1168 680 1227 Hammonis
715 1170 840 1245 oraoulo,
870 1172 1010 1231 sustinuit
1044 1172 1175 1232 seribere

154 1268 234 1342 mihi,
249 1286 281 1327 se
303 1265 422 1345 quidem
444 1264 595 1342 gratulari,
608 1264 686 1343 qudd
707 1264 737 1323 in
759 1285 911 1325 numerum
932 1266 1062 1325 Deorum
1075 1286 1176 1343 resep

155 1372 204 1424 tus
226 1382 328 1437 essem,
352 1362 491 1420 eastertlm
509 1360 641 1419 misemri
663 1380 761 1420 sorum
783 1361 888 1441 quibus
910 1361 1066 1424 vivendum
1095 1369 1175 1421 esset

155 1458 209 1519 sub
235 1476 279 1531 so,
303 1458 353 1535 qui
374 1454 491 1514 modum
515 1454 639 1514 hominis
667 1455 828 1515 exeederet.
884 1456 958 1517 Haeo
986 1464 1056 1515 sunt
1082 1458 1174 1515 etiam

154 1554 252 1628 animi,
277 1551 390 1631 pridem
412 1550 531 1609 alienati
552 1570 570 1609 a
592 1570 648 1625 me,
672 1558 702 1610 st
726 1550 884 1612 invidentis
905 1552 1007 1631 gloriae
1027 1572 1109 1627 meae,
1131 1554 1172 1611 iu·

155 1649 250 1709 dioia:
271 1666 338 1728 quae
360 1645 503 1725 equidem,
518 1645 635 1718 milites,
650 1647 738 1724 quim
754 1646 806 1704 did
830 1646 923 1723 linuit,
939 1648 969 1705 in
995 1648 1091 1706 animo
1107 1668 1172 1706 meo

153 1744 256 1824 pressi.
313 1741 445 1802 Videbar
478 1741 555 1799 euim
588 1741 662 1798 mihi
696 1749 809 1819 partem
837 1744 857 1771 ²⁰
867 1742 1011 1802 viseerum
1038 1762 1171 1801 meorum

154 1839 332 1918 abrumpere,
348 1838 382 1906 si,
396 1837 514 1915 inques
528 1842 589 1893 tam
610 1856 716 1915 magna
729 1835 917 1909 eontuleram,
934 1839 953 1866 ¹¹
963 1836 1085 1897 viliores
1098 1837 1172 1895 mihi

153 1936 285 1995 laterem.
328 1933 387 1995 sed
408 1935 469 2010 jam
490 1950 548 1991 nou
561 1930 650 1991 verba
672 1932 818 2009 punienda
839 1940 924 2008 sunt;
947 1932 1056 2010 linguas
1083 1940 1170 1992 teme

153 2031 226 2090 ritas
252 2030 385 2108 pervenit
411 2028 449 2086 ad
473 2025 595 2105 gladios.
639 2025 704 2084 Hos
726 2026 763 2102 (si
784 2027 855 2085 mihi
877 2028 1009 2105 creditis)
1032 2028 1170 2087 Philotas

153 2127 184 2185 iu
197 2145 243 2184 me
257 2124 343 2184 uouit
387 2122 424 2182 Id
447 2122 472 2181 si
494 2122 557 2200 ipse
579 2120 706 2195 admisit,
722 2122 779 2200 qud
794 2142 839 2181 me
860 2123 1015 2198 conferam,
1037 2123 1171 2182 milites?

153 2223 202 2282 eui
215 2228 304 2299 eaput
315 2239 412 2278 meum
426 2217 566 2277 eredaml
606 2216 770 2297 Equitatui,
785 2218 903 2296 optimae
917 2220 1066 2277 exereitus
1081 2222 1168 2298 parti,

152 2315 334 2395 principibus
356 2312 546 2372 nobilissima
564 2313 728 2388 juventutis
749 2332 839 2372 unum
865 2313 1000 2392 praefeci:
1036 2315 1168 2389 salutem,

155 2430 245 2490 spem,
259 2409 413 2469 viatorium
425 2427 529 2482 meam,
543 2408 612 2466 fidei
631 2409 695 2484 ejus
715 2407 873 2488 tutelaeque
887 2409 1034 2468 oommisi:
1056 2419 1169 2488 patrem

153 2507 185 2566 in
206 2504 284 2564 idem
305 2503 463 2580 fastigium,
478 2503 509 2561 iu
532 2523 588 2582 quo
615 2522 662 2561 me
687 2502 745 2581 ipsi
769 2504 915 2580 posuistis,
940 2504 1065 2564 admovi.
1109 2505 1169 2564 Me·
1275 2561 1276 2577 ,

154 2601 240 2676 diam,
263 2603 322 2681 qut
336 2599 418 2658 nulla
431 2599 596 2677 opulentior
616 2598 697 2678 regio
712 2607 766 2674 est,
782 2606 812 2657 et
835 2606 880 2658 tot
893 2599 1001 2659 eivium
1016 2600 1168 2659 sociorum·
1276 2591 1278 2628 '¹

153 2719 210 2780 que
231 2697 332 2770 millia,
357 2697 477 2774 imperio
501 2697 564 2772 ejus
589 2694 751 2773 ditionique
780 2695 898 2772 subjeci.
955 2694 1041 2754 Undd
1070 2697 1168 2773 pressi·
1277 2729 1278 2740 κ

155 2795 235 2855 dium
255 2795 405 2873 petieram,
427 2792 590 2871 perieulum
613 2790 737 2848 exstitit.
782 2789 880 2861 Quem
907 2790 1032 2849 lelioiter
1054 2793 1086 2849 in
1107 2793 1169 2850 aoie
1278 2803 1280 2870 J

154 2891 343 2967 oooidissem;
364 2889 467 2966 potids
486 2888 580 2947 hostis
593 2886 702 2964 praeda,
717 2887 805 2966 quim
819 2887 890 2946 aivis
903 2885 1039 2945 victima!
1082 2887 1112 2946 N
1113 2907 1170 2946 uuo
1278 2879 1279 2882 '

155 2994 288 3046 serratus
312 3005 350 3045 ex
370 2982 517 3062 perieulis,
541 3003 608 3062 quas
635 2982 697 3041 sola
724 2982 820 3057 timui,
847 2983 879 3040 in
891 2983 954 3041 liaeo
983 2981 1083 3057 inoidi,
1104 3003 1169 3062 quse
1279 3032 1280 3040 ,

155 3081 256 3138 timere
277 3098 336 3137 non
358 3079 453 3138 debui.
496 3078 605 3139 Soletis
627 3077 788 3136 identidem
810 3093 828 3136 a
850 3097 903 3151 me,
929 3077 1044 3152 milites,
1060 3085 1169 3154 petere,
1279 3081 1280 3133 l

155 3184 189 3234 ut
210 3174 299 3233 saluti
321 3193 394 3232 meae
417 3193 539 3250 paream.
583 3173 647 3251 Ipsi
671 3173 742 3232 mihi
764 3181 904 3250 praestare
931 3173 1063 3250 potestis,
1091 3172 1170 3252 quod
1279 3213 1282 3257 l

111 3283 117 3294 '
155 3269 285 3331 suadetis
298 3276 333 3326 ut
345 3269 455 3350 faeiem.
498 3267 549 3327 Ad
570 3278 683 3328 vestras
707 3287 816 3342 manus,
832 3268 868 3326 ad
889 3276 986 3328 vestra
1006 3287 1087 3327 arma
1107 3289 1170 3327 oon·

154 3367 252 3446 fugio:
267 3364 369 3424 invitis
379 3363 461 3423 vobis
473 3363 571 3423 sulvus
582 3383 645 3423 esse
659 3363 744 3424 nolo:
758 3363 933 3438 volentibus,
948 3363 967 3392 ¹¹
975 3381 1032 3421 nou
1042 3383 1169 3442 possum,

155 3464 213 3527 uisi
226 3460 388 3522 viudioor.''

214 3562 262 3618 28.
284 3555 361 3616 Tum
373 3553 530 3629 Philotam,
544 3552 677 3634 religatis
687 3562 753 3632 post
765 3561 879 3634 tergum
889 3553 1032 3630 manibus,
1043 3553 1171 3614 obsoleto

155 3653 279 3712 amioulo
291 3651 428 3727 uelatum,
446 3650 536 3728 jussit
548 3648 654 3710 iuduei.
715 3649 815 3708 Facile
830 3649 986 3728 apparebat
1005 3655 1099 3708 motos
1113 3667 1173 3708 esso

157 3756 215 3807 tam
227 3744 509 3820 miserabili'habitu,
522 3766 579 3805 non
592 3745 653 3805 siue
667 3743 779 3805 invidia
792 3746 881 3824 paulo
903 3748 983 3824 ante*
993 3745 1011 3774 ¹⁸
1020 3745 1185 3823 temperet

156 3843 265 3904 Dueem
285 3843 434 3924 equitatius
461 3841 555 3921 pridid
577 3843 719 3916 videraut,
741 3840 870 3902 solebant
892 3841 983 3920 Regis
1009 3840 1175 3901 interfuisse
