2592 4400
180 352 241 415 κθ
530 368 671 421 onsurr
701 368 838 411 onnrrr

181 508 307 571 Laenati
319 506 500 588 provintiam
512 527 576 569 erse
586 510 745 585 jusserunt
788 506 972 587 Gappadoeia
985 506 1117 569 Eumeni
1130 530 1204 570 eum

106 630 116 644 .
180 603 379 683 Paphlagonit
392 604 489 664 ouant
531 604 779 681 Praeoeptumest,
793 611 828 663 ut
849 604 994 681 regionem
1014 622 1079 663 eam
1101 624 1204 684 usque

178 699 217 759 ad
241 698 424 778 Trapezunta
447 698 625 771 defenderet,
644 696 754 757 bellum
778 717 844 756 eum
882 698 1040 757 Ariarathe
1068 708 1202 777 gereret.

180 794 267 857 Solus
290 795 338 855 hio
358 795 540 855 detrectabat
560 794 722 872 imperium.
766 793 875 861 Pithon
900 793 1038 867 Medium,
1061 794 1202 872 Lysime-

178 890 251 950 ohus
267 890 420 950 Thraoiam
434 890 636 968 appositasque
653 888 783 949 Thraoire
795 888 932 949 Pontiees
943 896 1046 966 gentes
1061 888 1202 949 obtinere

185 984 271 1063 jussi.
311 984 390 1057 'Qui
404 984 508 1060 Indiae,
521 985 629 1064 quique
650 982 768 1043 Baotris
782 990 813 1043 et
834 982 997 1063 Sogdianis,
1012 984 1200 1061 oreterirque,

179 1087 231 1138 ant
246 1078 366 1156 Ooeani,
381 1087 433 1139 aut
452 1078 535 1139 rubri
548 1078 637 1138 maris
651 1078 756 1139 aooolis
777 1085 928 1156 preerunt,
943 1077 1049 1157 quibus
1070 1079 1200 1157 quisque

178 1174 286 1236 finibus
312 1175 471 1250 habuisset,
493 1174 608 1253 imperii
629 1175 719 1234 etiam
743 1176 792 1251 jus
819 1173 973 1233 obtineret
1030 1173 1199 1233 Decretum

179 1277 234 1345 est,
255 1278 292 1331 ut
313 1270 471 1331 Perdiooaa
483 1290 550 1331 oum
575 1270 659 1350 Rege
680 1276 765 1344 osset,
788 1268 936 1349 oopiisque
960 1276 1107 1347 praeesset,
1129 1289 1202 1348 quae

180 1365 294 1445 negem
321 1366 523 1445 sequebantur.
574 1364 735 1427 Credidere
758 1364 877 1445 quidum
904 1371 1078 1425 testamento
1102 1365 1200 1423 Alex·

179 1461 264 1521 andri
283 1461 457 1523 distributus
470 1480 535 1521 esse
556 1460 729 1540 provineiss,
744 1460 797 1520 sed
819 1460 926 1519 lamam
950 1462 1014 1537 ejus
1033 1460 1076 1519 rei
1091 1459 1201 1538 (quun-

179 1576 268 1637 quaur
288 1555 325 1617 ab
347 1556 516 1617 auotoribus
538 1556 650 1615 tradita
672 1546 728 1634 est)
749 1556 869 1616 ‘venem
883 1555 974 1615 fuisse
991 1556 1199 1634 oomperimne

181 1652 225 1713 Et
242 1652 362 1733 quidem
383 1671 450 1711 snas
471 1652 594 1733 quiaque
616 1670 694 1729 opes,
709 1651 814 1713 divisis
835 1650 951 1729 imperii
972 1651 1114 1728 partibus,
1131 1657 1203 1711 tue·

181 1748 296 1827 bantur,
308 1768 381 1829 quas
392 1748 449 1827 ipsi
461 1747 662 1822 fundaverant,
677 1748 703 1807 si
722 1766 849 1826 unquam
863 1746 1001 1807 adversus
1022 1744 1202 1805 immodieas

180 1843 356 1922 eupiditates
377 1843 520 1905 terminus
541 1850 642 1903 staret.
684 1840 800 1920 Quippe
823 1841 911 1919 poulo
926 1844 995 1900 sete
1017 1838 1108 1919 Regis
1122 1842 1202 1901 min-

181 1938 257 2014 istri,
271 1939 384 2019 'speeie
397 1938 513 2017 imperii
526 1937 615 1997 alieni
633 1936 817 2015 proourandi,
833 1936 940 2015 singuli
959 1935 1088 2014 ingentia
1101 1935 1203 1997 invas-

181 2040 266 2094 erant
287 2054 385 2111 regna,
400 2032 523 2094 sublntis
546 2031 736 2113 uertaminnru
758 2030 861 2105 oensis,
876 2031 944 2089 orlrn
964 2037 995 2089 et
1008 2048 1105 2088 omnes
1119 2030 1199 2107 ejus·

182 2128 249 2187 dem
261 2126 358 2208 gentis
381 2135 487 2202 essent,
500 2134 532 2186 et
549 2124 765 2201 uenerique
787 2124 910 2205 quisque
932 2123 1046 2212 imperii
1067 2124 1199 2202 regione,

182 2224 310 2284 disereti.
353 2223 412 2284 Sed
434 2223 551 2282 difficile
570 2229 634 2282 erat
647 2241 681 2282 eo
695 2229 846 2282 contentos
861 2239 932 2294 esse,
947 2219 1025 2298 quod
1046 2219 1202 2281 obtulerat

182 2319 314 2380 oooasio:
334 2319 442 2398 quippe
449 2318 570 2380 sordent
582 2317 676 2396 prime
688 2335 818 2396 quosque,
828 2317 895 2376 edm
909 2317 1019 2393 majore
1033 2322 1201 2393 sperentur.

147 2453 154 2464 ·
184 2413 288 2494 Itaque
310 2413 444 2475 omnibus
466 2413 654 2492 ‘expeditius
680 2411 835 2473 videbatur
858 2430 964 2489 augere
985 2429 1085 2490 regne,
1106 2412 1202 2490 quern

181 2509 287 2568 ruisset
303 2507 441 2586 aooipere.

241 2607 289 2664 26.
312 2602 461 2683 Septimus
482 2602 546 2662 dies
568 2609 640 2678 erat,
655 2622 692 2661 ex
713 2621 771 2680 qno
796 2619 900 2679 eorpus
914 2600 1006 2680 Regis
1027 2599 1145 2678 jeeebat
1166 2601 1201 2660 in

182 2698 274 2777 solio;
295 2699 374 2760 onris
394 2697 523 2760 omnium
544 2698 582 2758 ad
603 2698 787 2758 formundum
806 2696 955 2775 publionm
975 2703 1115 2755 statuma
1134 2703 1200 2758 tum

183 2794 304 2856 solemni
324 2813 443 2854 munere
465 2793 581 2854 eversis.
633 2792 675 2852 Et
698 2811 754 2851 non
777 2791 843 2851 aliis
864 2792 952 2870 qudm
976 2790 1200 2868 Mesopotamiae

182 2892 299 2972 regione
320 2889 460 2952 fervidior
482 2897 573 2950 {estus
595 2888 712 2948 existit:
742 2885 815 2946 oded
838 2893 872 2945 ut
893 2885 1031 2964 pleraque
1049 2884 1198 2962 animalia,

182 3007 249 3066 quae
262 2989 293 3046 in
313 2985 412 3046 'nudo
426 2985 489 3045 solo
509 2982 709 3062 deprehendit,
725 2981 894 3061 extinguet3
917 2987 1016 3038 tantus
1040 2988 1086 3044 est
1105 3001 1198 3058 vapor

184 3081 254 3141 solis
268 3089 299 3140 et
312 3081 386 3157 eoeli,
401 3101 458 3160 quo
473 3087 578 3140 euuota
589 3079 672 3141 velut
696 3079 761 3157 igne
782 3083 938 3136 torrentur.
981 3075 1090 3136 Fontes
1109 3096 1196 3155 aque-

184 3194 249 3236 rum
263 3182 294 3234 et
315 3176 375 3234 rari
388 3182 458 3234 sunt
471 3183 501 3234 et
520 3174 708 3234 ineolentium
722 3173 824 3232 froude
838 3172 977 3231 uelantur.
1021 3171 1100 3249 Ipsis
1124 3191 1196 3230 usus

184 3277 272 3351 patet,
285 3270 403 3350 ignotus
416 3275 463 3328 est
476 3269 602 3330 advenis.
642 3268 704 3330 'Ut
724 3267 839 3327 tendern
859 3285 960 3326 eurere
981 3284 1086 3344 eorpus
1100 3267 1197 3324 exeni-

184 3387 264 3429 mum
285 3366 386 3427 amieis
407 3365 530 3439 vaeavit,
554 3365 637 3423 nullt
659 3364 736 3438 tube,
759 3382 795 3422 ne
821 3362 940 3422 minimo
962 3361 1080 3441 quidem
1104 3361 1197 3420 livore

185 3472 353 3544 oorruptuur
366 3463 466 3522 videre
489 3461 540 3540 qui
564 3459 750 3520 intraverunt
791 3458 904 3536 'Vigor
923 3457 1045 3537 quoque,
1061 3457 1112 3535 qni
1133 3477 1197 3517 oon·

186 3568 246 3621 stat
269 3580 306 3620 ex
333 3558 448 3638 spiritu,
471 3575 529 3616 non
556 3557 731 3616 destitueret
753 3554 875 3615 vultune
932 3553 1038 3631 Iteque
1062 3551 1200 3631 AEgyptii

189 3655 376 3736 Chaldaeique
396 3653 474 3734 jussi
494 3671 599 3732 eorpus
622 3671 675 3710 sno
698 3669 777 3710 more
799 3669 909 3724 emere,
930 3648 1024 3727 primd
1047 3667 1106 3706 non
1130 3655 1201 3707 sunt

187 3751 251 3809 ausi
265 3750 425 3825 admovere,
440 3747 521 3807 velut
543 3746 674 3825 spiranti,
695 3762 814 3804 monus:
836 3743 942 3803 deinde
959 3742 1070 3820 preoati
1093 3749 1128 3801 ut
1150 3744 1202 3820 jus

188 3846 288 3922 sesque
315 3853 394 3904 esset
417 3841 590 3903 mortalibus
616 3846 772 3899 attrectare
800 3857 874 3915 euru,
897 3839 1058 3916 purgavere
1084 3855 1203 3916 eorpus,
