2592 4400
427 417 549 458 urana
574 411 636 456 111.
666 417 750 457 car.
779 417 802 457 1.
1022 402 1025 408 '
1103 402 1120 456 7

110 553 269 614 considere.
310 553 458 614 Gaeterdm
477 555 713 634 quamdiuintra
731 575 829 615 muros
839 556 911 630 fluit,
924 574 1027 613 nomen
1041 575 1125 614 suum

110 650 227 709 retinet.
269 649 312 708 Aa
336 651 404 708 edm
426 657 509 708 extra
532 649 709 708 munimenta
729 669 759 708 se
779 650 896 724 evolvit,
916 650 1073 725 majorevi
1092 669 1125 709 ac

111 744 188 802 mole
213 751 346 822 agentem
369 743 470 818 undas,
490 746 609 822 meem
631 743 783 821 appellant
825 744 992 803 Alexander
1010 745 1126 824 quidem

111 840 213 898 urbem
228 839 397 897 destitutam
411 860 428 896 a
442 838 502 897 suis
526 838 631 896 intrat:
653 857 747 896 arcem
759 840 828 896 verd
848 838 879 895 in
898 858 983 916 quam
996 839 1126 918 confuge-
1145 834 1187 886 “a

60 935 187 1008 mant,
202 952 364 1012 oppugnare
386 933 514 1008 adortus,
537 933 763 991 ”caduceatorem
783 932 929 1009 praemisit,
948 934 998 1011 qui
1019 933 1126 992 denun-

112 1029 213 1103 ciaret,
239 1028 280 1085 ⁴ni
304 1027 448 1102 dederent,
471 1028 548 1106 ipsos
570 1026 674 1086 ultima
697 1043 759 1085 esse
781 1045 921 1103 passuros.
969 1027 1020 1085 Illi
1042 1020 1136 1087 cadu-¹

114 1129 260 1180 ceatorem
282 1122 312 1179 in
333 1121 447 1195 turrim,
461 1128 490 1180 et
512 1121 571 1180 situ
591 1128 620 1182 et
641 1140 726 1197 opere
738 1121 865 1179 multtim
878 1120 996 1195 editam,
1010 1122 1126 1198 perd-uc-

116 1225 189 1292 tum,
198 1225 306 1297 quauta
314 1224 390 1275 esset
396 1215 528 1292 altitudo,
535 1215 640 1274 intueri
648 1215 800 1292 jubent,ac
807 1216 940 1273 nunciare
949 1216 1126 1290 Alexandro,

113 1313 130 1345 “
141 1331 200 1370 non
213 1304 315 1369 eadem
330 1311 424 1387 ipsum
444 1317 473 1368 et
493 1310 599 1369 incolas
612 1309 802 1368 aestimatione
822 1309 997 1368 munimenta
1012 1311 1126 1369 metiri:
1144 1335 1178 1362 ·

42 1415 100 1490 ῳ
114 1427 145 1465 se
159 1407 233 1465 scire
246 1405 478 1484 inexpugnabiles
493 1423 570 1464 esse:
594 1403 640 1462 lad
654 1404 789 1462 ultimum
810 1424 861 1480 pro
874 1404 929 1462 lide
943 1405 1127 1464 morituros”

115 1501 275 1575 Caeterum,
289 1508 323 1558 ut
337 1500 532 1558 circumsideri
547 1519 648 1575 arcem,
663 1507 693 1557 et
707 1499 802 1558 omnia
815 1499 871 1559 sibi
883 1499 915 1556 in
928 1499 991 1558 dies
1004 1500 1128 1559 arctiora
1200 1484 1204 1493 ¹

113 1597 250 1656 viderunt
264 1614 340 1670 esse3
363 1595 513 1674 sexaginta
533 1594 645 1652 dierum
660 1594 800 1652 “inducias
820 1595 905 1671 pecti,
919 1601 960 1669 ut,
974 1595 1031 1654 nisi
1051 1595 1128 1652 iutra

113 1711 162 1750 eos
178 1691 316 1750 auxilium
328 1689 434 1748 Darius
454 1689 525 1769 ipsis
538 1689 674 1764 misisset,
690 1689 826 1747 dederent
838 1689 954 1765 nrbem3
976 1697 1128 1768 postquam

112 1787 189 1846 nihil
202 1786 269 1844 inde
281 1785 408 1862 praesidii
420 1784 595 1860 mittebatur,
610 1785 648 1842 ad
668 1785 862 1862 praestitutam
876 1783 952 1842 diem
971 1784 1128 1863 permisere
1163 1803 1176 1816 “

48 1875 149 1943 mse
163 1881 234 1959 regi.

177 1981 204 2034 2.
227 1973 454 2052 'Superveniunt
476 1974 544 2032 inde
566 1972 657 2051 legati
680 1971 911 2045 Atheniensium,
936 1979 1074 2049 petentes,
1094 1979 1128 2030 ut

116 2070 194 2147 capti
209 2069 286 2146 apud
301 2067 455 2128 Granicum
464 2085 575 2125 amnem
586 2065 772 2124 redderentur
783 2065 848 2125 sibi.
884 2065 950 2140 Ille,
965 2065 1061 2145 “,Non
1074 2066 1128 2125 hos

115 2164 209 2239 modo,
229 2163 279 2223 sed
299 2161 387 2221 etiam
401 2167 519 2221 caeteros
541 2158 658 2221 Graecos
670 2158 785 2218 restitui
799 2161 868 2234 suis,
885 2161 1062 2237 jussurum,”
1081 2180 1124 2219 re·

115 2258 241 2336 spondit,
264 2258 369 2315 “finito
391 2257 520 2327 Persico
533 2255 637 2315 bello.”
679 2254 827 2316 Gaeterdm
853 2256 944 2314 Dario
966 2257 1127 2330 imminens,
1166 2274 1172 2291 ³

44 2358 98 2429 {bat
116 2378 200 2438 quem
222 2348 355 2415 nondum
366 2354 542 2431 Euphratem
559 2358 709 2430 superasse
728 2361 909 2431 cognoverat,
926 2354 1051 2432 undique
1069 2374 1127 2412 om-

115 2470 167 2509 nes
181 2450 277 2527 copias
287 2449 439 2523 contrahit,
454 2449 523 2507 totis
537 2448 647 2508 viribus
658 2448 733 2505 tanti
742 2448 812 2508 belli
822 2448 975 2506 discrimen
985 2449 1126 2509 aditurus.

117 2544 251 2623 Phrygia
271 2550 341 2618 erat,
368 2562 419 2620 per
442 2562 526 2621 quam
548 2542 706 2602 ducebatur
727 2542 881 2617 exercitus,
903 2542 1034 2619 pluribus
1055 2543 1127 2619 vicis

115 2660 202 2719 quam
233 2638 353 2698 urbibus
380 2638 521 2715 frequens.
579 2634 660 2694 Tunc
687 2636 810 2696 habebat
827 2637 978 2715 qnondam
1003 2638 1127 2697 nobilem

119 2735 210 2794 Midae
223 2733 346 2811 regiam;
366 2732 504 2791 Gordium
517 2750 620 2789 nomen
630 2739 675 2789 est
684 2732 757 2806 urbi,
771 2752 857 2809 quam
871 2732 1026 2810 Sangarius
1036 2732 1127 2790 amnis
1179 2796 1187 2813 ,

42 2827 296 2907 wpraeterfluit,
316 2828 325 2859 ⁸
333 2827 397 2904 pari
411 2826 563 2885 intervallo
577 2825 698 2883 Pontico
711 2833 741 2884 et
755 2824 857 2885 Cilicio
875 2826 949 2883 mari
963 2826 1125 2885 distantem.

13 2912 16 2919 ¹
119 2924 202 2982 Inter
222 2921 283 2980 haec
307 2920 407 2995 maria,
425 2921 657 2999 angustissimum
676 2920 758 2979 Asiae
775 2922 899 2997 spatium
914 2940 975 2979 esse
994 2922 1128 2997 comperi·

117 3036 197 3093 mus,
221 3018 362 3094 ⁹utroque
383 3016 413 3073 in
432 3022 525 3073 arctas
548 3016 645 3073 fauces
670 3014 859 3091 compellente
886 3023 1000 3075 terram.
1056 3014 1128 3086 Quae

117 3114 185 3190 quia
199 3110 357 3172 continenti
371 3107 506 3184 adlieeret,
521 3110 571 3168 sed
584 3113 688 3187 magna
705 3130 741 3167 ex
753 3120 835 3186 parte
848 3109 975 3188 cingitur
984 3111 1126 3185 fluctibus

117 3205 244 3283 speciem
267 3204 369 3265 insulae
390 3204 515 3281 praebet;
548 3222 590 3277 ac,
613 3204 670 3260 nisi
694 3211 780 3262 tenue
802 3203 955 3263 discrimen
981 3206 1126 3281 objiceret,
1163 3238 1169 3250 x

47 3298 104 3357 ‘l‘
117 3299 217 3374 maria,
232 3317 297 3376 quaa
312 3317 387 3355 nunc
412 3297 527 3371 dividit,
545 3299 564 3329 ¹⁰
572 3298 770 3357 committeret.
811 3298 990 3373 Alexander,
1008 3300 1079 3358 urbe
1097 3300 1128 3356 in

118 3414 200 3453 suam
214 3394 353 3452 ditionem
366 3392 493 3466 redacta,
508 3392 531 3451 J
531 3392 593 3451 ovis
608 3392 746 3468 templum
762 3392 867 3469 intrat3
888 3393 1052 3452 vehiculum
1070 3414 1128 3471 quo

71 3484 78 3499 '
119 3488 270 3562 Gordium,
285 3487 375 3545 Midae
388 3492 506 3562 patrem,
521 3494 635 3545 vectum
645 3504 707 3543 esse
720 3474 880 3561 constabat,
892 3486 1032 3564 adspexit,
1046 3488 1129 3545 cultu

118 3582 196 3641 haud
210 3584 278 3639 sane
293 3580 472 3640 utilioribus
485 3580 666 3658 vulgatisque
683 3598 740 3637 usu
759 3580 921 3639 abhorrens.
964 3582 981 3613 ¹¹
992 3581 1128 3640 Notabile

118 3682 181 3735 erat
196 3678 298 3753 jugum
312 3673 482 3733 adstrictum
495 3674 688 3750 compluribus
700 3673 784 3732 nodis
801 3675 832 3732 in
849 3675 1016 3751 semetipsos
1036 3675 1128 3751 impli-
1164 3684 1173 3706 *

55 3770 190 3850 matis
204 3776 234 3826 et
253 3767 412 3826 celantibus
429 3786 526 3825 nexus
569 3767 678 3828 Incolis
693 3767 796 3826 deinde
811 3768 1026 3843 affirmantibus,
1045 3772 1061 3801 “
1071 3770 1127 3827 edi-

118 3868 178 3921 tam
199 3878 262 3921 esse
286 3860 399 3919 oraculo
424 3867 537 3935 sortem,
562 3861 644 3923 Asiae
665 3862 832 3938 potiturum,
855 3862 905 3939 qui
927 3861 1127 3938 inexplicabile
