2592 4400
411 418 534 461 n1nnn
561 417 656 459 rur.
689 420 773 463 osr.
805 421 839 463 v.
1071 407 1131 465 189

175 560 221 618 18.
243 556 329 637 Agis,
342 557 460 638 qnidam
478 556 619 638 Argivus,
640 557 840 636 (pessimorum
859 558 1021 621 carminum
1035 563 1053 593 ¹⁰
1064 569 1130 639 post

110 652 273 714 (lhoerilum
295 654 449 733 conditor,)
468 659 500 712 et
519 673 557 712 cx
580 653 683 715 Sicilia
699 654 777 731 Olco,
793 654 851 731 (hic
873 655 998 734 quidem,
1011 675 1068 715 non
1087 658 1129 715 in·

108 748 189 827 genii
217 749 323 824 soldm,
350 750 401 809 sed
425 750 515 808 etiam
540 748 665 808 nationis
691 750 772 825 vitio,
796 750 947 830 admon)
969 757 999 809 ct
1025 758 1129 811 oaetera

107 844 226 903 urbium
246 863 361 903 suarum
381 853 578 923 purgamento,
600 865 666 924 quae
689 845 855 923 propinquis
878 846 975 921 etiam,
989 848 1126 907 maximo·

107 958 230 1017 rumque
251 940 430 999 exercituum
451 940 579 1016 ducibus,
594 962 611 999 a
624 943 707 1019 Rege
720 940 962 1017 praeferebantur3
986 943 1004 969 ¹¹
1015 942 1046 999 bi
1065 949 1126 1001 tum

107 1034 212 1093 ooelum
234 1034 279 1093 illi
301 1036 476 1113 aperiebant,
499 1036 711 1115 Herculemque
732 1040 762 1093 et
788 1041 900 1111 patrem
927 1035 1074 1110 Liberum,
1095 1044 1127 1095 et

106 1148 173 1187 cnm
196 1128 481 1197 Polluoecastorem
502 1149 576 1189 noro
588 1130 701 1189 numini
716 1130 735 1159 ¹²
744 1146 875 1189 cessuros
888 1147 950 1187 esse
967 1130 1125 1205 jactabant.
1167 1166 1170 1172 ·
1226 1155 1230 1160 ·

106 1224 205 1302 Igitur
226 1225 303 1283 festo
316 1226 363 1283 die
383 1226 461 1284 omni
483 1226 629 1302 opulentis
643 1224 805 1284 convivium
827 1225 958 1283 exornari
969 1224 1061 1301 jubet,
1077 1225 1124 1283 cui

106 1338 166 1375 non
180 1318 353 1378 Macedones
366 1320 463 1394 modo,
477 1328 509 1378 et
523 1320 618 1380 Graeci
638 1320 782 1397 principes
796 1319 959 1394 amicorum,
974 1318 1124 1378 sedetiam

105 1412 234 1472 Barbari
262 1414 373 1474 nobiles
392 1414 622 1475 adhiberentur..
665 1414 738 1477 Oum
752 1415 856 1494 quibus
877 1416 945 1473 esim
966 1414 1125 1475 discubuis-

105 1515 153 1566 set
175 1508 250 1584 Rex,
272 1510 419 1587 paulisper
442 1510 584 1587 epulatus,
607 1510 736 1570 convivio
760 1509 913 1589 egreditur.
956 1508 1034 1585 Olsc,
1050 1510 1125 1569 sicut

103 1611 328 1681 praeparaverat,
339 1624 498 1663 sermonem
508 1605 773 1665 cumadmiratione
783 1604 973 1682 lsudumcjus
983 1604 1122 1667 instituit.

106 1698 218 1756 Merita
243 1698 347 1757 deinde
370 1700 548 1777 percensuit,
579 1700 686 1778 quibus
709 1718 767 1759 unc
793 1699 877 1759 modo
901 1700 1002 1758 referri
1028 1702 1124 1778 gratia

102 1799 212 1870 posset,
228 1792 263 1868 si,
275 1812 361 1871 quem
371 1793 568 1872 intelligerent
590 1794 684 1853 Deum
707 1814 777 1868 esse,
792 1795 1002 1869 confiterentur,
1017 1795 1123 1873 exigua

104 1887 202 1945 thuris
229 1888 359 1965 impensi
383 1895 465 1946 tanta
496 1889 634 1949 beneficia
663 1888 818 1967 pensaturi
874 1889 979 1948 Persas
1005 1881 1122 1967 quidem

101 2000 162 2041 non
182 1982 231 2059 pio
254 1982 354 2058 solim,
379 1983 430 2043 scd
450 1983 537 2041 etiam
559 1984 723 2061 prudenter,
745 1982 841 2061 Reges
861 2001 929 2042 suos
949 1984 1025 2041 inter
1045 1984 1122 2043 Deos

102 2078 222 2136 eolerc:
244 2078 264 2106 ¹⁸
273 2078 456 2154 majestatem
476 2078 553 2137 enim
572 2079 696 2156 imperii,
711 2077 814 2138 salutis
827 2097 888 2138 esse
902 2079 1030 2139 tutelam.
1075 2079 1122 2139 Ne
1179 2073 1182 2078 ’

103 2171 264 2232 Herculem
285 2172 403 2252 quidem
432 2180 462 2233 et
484 2181 598 2251 patrem
621 2174 758 2236 Liberum
784 2174 864 2251 pribs
892 2172 1004 2234 dicatos
1035 2174 1120 2250 Deos,

100 2271 192 2347 quim
218 2269 356 2328 vicissent
382 2269 508 2329 ¹⁴secum
533 2270 695 2330 viventium
721 2269 867 2330 invidiam
924 2269 1120 2330 Tantrlnrdem

101 2381 221 2443 quoque
243 2371 371 2442 posteros
394 2365 521 2440 credere,
541 2367 684 2445 quontrlnr
707 2385 832 2442 praescns
846 2373 917 2425 aetas
931 2367 1119 2444 l‘spopondis-

101 2467 156 2519 set.
203 2458 289 2529 Quod
311 2459 337 2518 si
357 2460 454 2520 eaeseri
468 2459 611 2536 dubitent,
631 2459 826 2537 semetipsum,
841 2465 904 2518 cim
927 2461 994 2520 Rex
1018 2462 1120 2521 inisset
1168 2489 1175 2495 -

99 2553 273 2629 convivium,
286 2562 498 2631 prostraturum
511 2555 593 2613 humi
613 2573 733 2632 corpus3
756 2555 860 2614 debere
873 2555 949 2614 idem
963 2557 1056 2616 iacere
1067 2577 1119 2616 cae·

100 2658 193 2723 teros,
208 2656 238 2707 et
249 2650 281 2706 in
294 2650 397 2726 primis
407 2651 549 2727 sapientia
561 2650 706 2728 prseditos
721 2659 728 2664 '
747 2649 797 2710 Ab
810 2651 870 2710 illis
883 2651 959 2710 enim
972 2652 1070 2711 cultris
1088 2653 1119 2710 in

100 2745 218 2822 Regem
230 2763 292 2803 esse
304 2744 480 2821 prodendum
494 2745 662 2823 exemplum.

168 2842 212 2897 19.
242 2840 332 2898 Haud
362 2841 496 2918 perplexo
522 2841 553 2899 in
580 2839 778 2900 Galisthenem
812 2839 988 2919 dirigebatur
1016 2841 1115 2902 oratio

99 2933 243 2994 Gravitas
268 2934 379 2994 viriet
403 2937 562 3013 ¹‘prompto
590 2935 709 2995 libertos
730 2935 824 2994 invisa
845 2942 907 2993 erat
929 2935 1014 3013 Regi,
1034 2935 1117 3014 quasi

99 3027 180 3088 solus
203 3027 377 3088 Macedonas
396 3036 513 3106 paratos
536 3029 573 3087 ad
597 3029 657 3087 tale
684 3028 850 3107 obsequium
875 3035 1041 3089 moraretur.
1084 3029 1117 3088 Is

100 3131 174 3196 turn,
188 3120 306 3181 silentio
319 3123 408 3199 iacto,
421 3143 512 3182 unam
525 3125 608 3182 illum
618 3123 797 3184 intuentibus
807 3125 926 3199 cereris,
948 3127 964 3160 “
972 3123 1005 3184 si
1024 3125 1116 3200 ch‚”

99 3218 207 3296 inquit,
222 3219 376 3278 “sermoni
396 3226 450 3278 tuo
462 3219 599 3294 affuisset,
611 3219 720 3277 nullius
740 3220 869 3296 profcctd
882 3239 939 3279 vox
952 3219 1116 3300 responsuri

98 3314 158 3374 tibi
173 3313 393 3372 desideraretur.
436 3313 505 3391 Ipse
517 3314 595 3372 enim
615 3321 734 3391 peteret,
747 3333 783 3372 ne
796 3315 827 3372 in
846 3315 1012 3395 peregrinos
1024 3323 1116 3373 exter·

97 3427 210 3487 nosque
224 3408 300 3466 ritus
312 3410 486 3488 degenerare
497 3429 529 3468 se
541 3427 666 3488 cogeres,
679 3429 736 3468 neu
749 3409 835 3470 rebus
848 3411 1011 3470 felicissimi
1024 3409 1116 3488 gestis

100 3503 274 3562 ”invidiam
297 3504 351 3562 tali
372 3504 538 3563 adulatione
558 3504 747 3564 contraheres.
790 3504 1003 3583 sedquoniam
1026 3504 1115 3580 abest,
1221 3513 1224 3519 '

98 3619 155 3679 ego
168 3599 224 3659 tibi
238 3612 292 3676 pro
304 3599 355 3657 illo
368 3600 533 3678 respondeo,
575 3600 594 3627 ¹⁸
602 3599 724 3658 Nullum
738 3619 798 3658 esse
819 3599 951 3658 eumdem
964 3605 994 3655 et
1007 3598 1115 3658 diutur-

101 3717 182 3769 num,
198 3703 229 3753 et
249 3713 404 3772 praecocem
424 3697 567 3754 fructum:
589 3695 774 3772 coelestesque
787 3694 908 3753 honores
929 3712 985 3751 non
998 3693 1065 3752 dare
1086 3702 1116 3752 te

100 3792 192 3870 Regi,
212 3790 265 3848 sed
288 3790 406 3851 auferre
457 3789 618 3850 intervallo
643 3790 720 3847 enim
747 3808 818 3866 opus
842 3796 896 3863 est,
924 3794 958 3846 ut
984 3787 1117 3846 credatur

101 3888 191 3961 Deus,
211 3904 379 3963 semperque
399 3885 472 3943 hanc
492 3885 616 3964 gratiam
639 3885 751 3962 magnis
764 3883 836 3943 viris
855 3883 965 3960 posteri
984 3883 1115 3944 reddunt.
