2592 4400
184 378 239 435 asc
527 390 668 443 cursus
696 390 836 431 curru

178 530 278 591 ωὼια
291 548 374 589 mens
387 528 520 591 omnibus
539 527 679 591 Bmharis
702 528 768 588 fuit.
811 517 912 589 druis
931 526 1053 607 quidam
1066 526 1196 603 mmcd,

177 624 273 703 plures
285 631 352 683 aute
364 632 510 684 certamen
522 624 683 701 'imperata
694 623 842 681 iecerunt:
862 622 967 701 quibus
979 640 1087 696 eorum,
1101 621 1152 699 qui
1167 621 1199 679 in

178 716 335 777 defectione
347 724 609 796 perseveraverant,
626 717 714 777 urbes
726 735 865 797 agrosque
877 716 965 793 jussit
978 708 1110 777 attribui.
1153 716 1200 773 At

150 824 156 835 ⁴
178 812 279 872 exules
292 811 444 871 Bactriani
455 830 519 871 cum
529 812 701 891 octingentis
712 811 856 889 equitibus
867 812 1100 890 Massagetarum
1114 828 1199 887 prox·

179 907 253 967 imos
265 908 345 987 vicos
358 914 553 969 vasmverunt.
594 907 646 966 Ad
658 926 730 986 quos
743 906 912 965 coercendos
926 906 1048 966 Attinas
1066 905 1199 983 regionis

178 1004 243 1079 ejus
264 1002 427 1063 Praefectus
444 1007 586 1061 trecentos
605 1000 725 1080 equites,
739 1000 912 1063 insidiarum
931 1020 996 1079 quae
1016 1000 1201 1079 parabantur

178 1095 307 1175 ignarus,
330 1096 441 1155 eduxit
482 1094 615 1173 Namque
637 1094 730 1154 hostis
751 1095 782 1153 in
806 1094 905 1173 sylvis,
926 1115 992 1174 quae
1013 1101 1096 1153 erant
1119 1093 1200 1151 forte

178 1210 278 1269 campo
289 1193 407 1269 junctae,
421 1196 561 1249 armatum
572 1188 696 1249 militem
708 1189 847 1273 condidit,
859 1190 957 1267 paucis
971 1188 1201 1266 propellentibus

178 1304 289 1364 peoora,
302 1292 337 1345 ut
349 1284 540 1363 improvidum
554 1285 592 1343 ad
611 1284 734 1343 insidias
754 1284 852 1362 praeda
871 1284 1049 1362 perduceret
1090 1282 1202 1361 Itaque

179 1378 383 1458 ⁸incomposito
404 1379 527 1458 agmine,
550 1379 709 1457 solutisque
736 1379 894 1454 ordinibus,
923 1378 1044 1437 Attinas
1065 1378 1201 1455 ‘praeda-

178 1474 295 1536 bundas
318 1474 508 1553 sequebatur:
528 1493 614 1553 quem
636 1481 872 1555 praetergressum
896 1474 1016 1552 sylvam,
1030 1473 1080 1553 qui
1105 1473 1139 1529 in
1163 1478 1202 1531 ea

178 1569 373 1644 consederant,
386 1588 424 1627 ex
443 1569 598 1648 improviso
617 1569 724 1644 adorti,
738 1589 804 1628 enm
823 1568 956 1627 omnibus
977 1568 1199 1628 interemerunt

180 1664 321 1726 Celeriter
334 1664 372 1723 ad
392 1662 544 1725 Craterum
557 1665 646 1741 hujus
661 1664 753 1723 cladis
766 1664 842 1723 fama
860 1664 972 1741 perlata
991 1669 1044 1738 est,
1058 1662 1108 1742 qui
1128 1682 1201 1722 cum

180 1759 260 1820 omni
271 1760 403 1838 equitatu
415 1759 586 1837 supervenit.
628 1758 671 1819 Et
692 1758 866 1838 Massagetae
879 1758 994 1836 quidem
1008 1760 1070 1834 jam
1083 1758 1201 1837 refuge-

178 1861 252 1915 rant
293 1846 476 1915 Dahae‘mille
489 1854 619 1933 oppressi
640 1860 727 1914 sunt:
748 1874 870 1933 quorum
889 1853 978 1928 clade,
992 1853 1085 1912 totius
1104 1854 1201 1931 ragio·

177 1951 223 2010 nia
236 1950 319 2009 linita
333 1950 465 2011 deiectio.
506 1948 675 2009 Alexander
686 1968 807 2029 quoque,
820 1948 973 2029 Sogdianis
982 1950 1086 2007 rursrls
1097 1948 1200 2008 subac-

177 2046 226 2122 tis,
240 2044 416 2105 Maracanda
429 2043 544 2122 repetit.

238 2146 265 2200 2.
273 2120 336 2201 lbi
349 2139 469 2215 Bcrdea,
482 2158 567 2218 quem
580 2137 619 2196 ad
632 2136 753 2217 Scythas
774 2157 859 2216 super
873 2136 1055 2216 Bosphorum
1068 2136 1200 2198 colentes

178 2236 308 2310 miserat,
322 2254 388 2293 cum
408 2235 512 2318 legatis
531 2234 626 2312 gentis
645 2235 778 2292 occurrit
820 2234 1052 2310 Phrataphernes
1073 2254 1198 2312 qnoque,

89 2367 92 2380 ·
178 2328 229 2408 qui
254 2327 432 2389 Chorasmiis
445 2334 578 2406 praeerat,
591 2327 766 2408 Massagetis
787 2334 816 2386 et
836 2327 928 2386 Dahis
941 2327 1091 2406 regionum
1111 2329 1198 2388 confi·

178 2425 228 2484 nio
248 2423 412 2500 adjunctus,
426 2424 553 2499 miserat,
572 2423 622 2503 qui
644 2423 790 2483 iacturum
813 2423 954 2501 imperata
977 2422 1195 2500 pollicerentur.

179 2518 295 2597 Scythae
307 2517 452 2596 petebant,
462 2526 497 2578 ut
507 2519 601 2598 Regis
614 2518 661 2576 sui
673 2518 760 2576 filiam
770 2517 955 2576 matrimonio
969 2517 1025 2576 sibi
1037 2519 1196 2596 jungeret:

178 2614 204 2674 si
218 2613 422 2693 dedignaretur
434 2613 609 2689 affinitatem,
623 2613 768 2691 principes
789 2613 980 2673 Macedonum
1000 2633 1066 2672 cum
1088 2616 1195 2691 primo·

178 2709 259 2769 ribus
278 2729 338 2769 suae
360 2708 456 2787 gentis
477 2707 617 2766 connubio
640 2707 718 2766 coire
743 2714 899 2784 pateretur.
950 2706 1053 2783 Ipsum
1079 2727 1196 2786 quoque

178 2804 289 2884 Regem
309 2810 462 2864 venturum
487 2802 526 2861 ad
548 2821 614 2861 eum
636 2801 853 2879 pollicebantur.
896 2800 1027 2878 Utrique
1048 2800 1195 2880 legatione

177 2899 300 2979 benigne
314 2898 424 2972 audita,
446 2897 684 2975 Hephaestionem
704 2903 733 2954 et
753 2897 932 2956 Artabanum
953 2897 1114 2974 opperiens,
1138 2905 1194 2956 sta-

102 3069 106 3073 ,
178 2992 239 3052 tiva
265 2991 382 3052 habuit:
403 2991 524 3070 'quibus
544 2991 698 3068 adjunctis,
721 2989 752 3049 in
775 2991 920 3069 regionem
941 3010 1006 3068 quae
1030 2991 1195 3066 appellatur

180 3087 332 3161 Baeturia,
355 3086 496 3164 pervenit.
537 3085 677 3146 Barbare
697 3085 851 3164 opulentiae
876 3083 992 3143 inillis
1016 3086 1087 3144 locis
1116 3086 1194 3146 haud

178 3179 239 3238 ulla
252 3185 320 3238 sunt
332 3181 443 3255 majora
456 3179 574 3255 indicia,
587 3181 675 3258 quam
696 3179 810 3258 mugnis
828 3179 991 3239 nemoribus
1011 3179 1194 3260 saltibusque

177 3273 319 3335 nobilium
330 3275 456 3333 ferarum
468 3293 569 3353 greges
582 3274 682 3336 clausi.
725 3274 872 3352 Spatiosas
884 3273 922 3332 ad
942 3273 995 3332 hoc
1009 3273 1122 3352 eligunt
1136 3276 1194 3354 syl·

178 3388 239 3444 vas,
253 3367 359 3428 crebris
372 3367 540 3446 perennium
553 3387 692 3447 aquarum
712 3368 841 3428 fontibus
862 3386 994 3436 amoenas.
1037 3367 1134 3426 Muris
1146 3389 1194 3428 ne·

177 3485 257 3525 mora
269 3464 430 3543 cinguntur,
442 3469 591 3542 turresque
600 3463 707 3524 habeut
717 3463 883 3524 venantium
896 3462 1084 3538 receptacula.
1117 3463 1193 3533 Qua·

177 3568 245 3620 tuor
272 3559 416 3618 continuis
441 3559 577 3619 aetatibus
603 3558 747 3617 intactum
777 3557 883 3617 saltum
901 3557 998 3620 ,fuisse
1025 3559 1191 3636 constabat;
1241 3583 1245 3590 ·

177 3675 263 3735 quem
276 3654 445 3714 Alexander
456 3673 522 3712 cum
540 3661 604 3712 toto
623 3652 751 3718 exercitu
770 3653 925 3732 ingressus,
939 3652 1044 3730 agitari
1065 3653 1193 3732 undique

177 3749 254 3808 feras
267 3750 363 3825 jussit
404 3749 490 3808 Inter
513 3766 585 3827 quas
609 3749 677 3804 crim
700 3747 747 3806 leo
769 3747 979 3826 magnitudinis
1001 3767 1076 3806 rarae
1097 3748 1191 3825 ipsum

178 3844 290 3922 Regem
313 3844 464 3904 inuasurus
490 3842 658 3918 incurreret,
679 3841 754 3904 forts
781 3841 980 3936 Lysimachus,
1001 3842 1194 3920 [quipostea
1279 3923 1280 3926 Ἴ
