2592 4400
154 366 211 427 184
501 376 642 431 oursrr
673 374 810 417 onnrrr

149 543 203 602 pre
224 521 344 581 absente
365 509 514 596 transegit
566 516 748 595 Spitamenes
769 514 870 574 uxoris
891 510 1047 573 immodico
1069 532 1169 572 amore

149 616 307 696 flagrabat,
327 633 415 694 quam
427 615 506 693 segre
531 614 632 691 fugam
645 620 677 671 et
700 630 775 671 nore
798 608 920 669 subinde
933 609 1022 669 exilia
1042 608 1167 667 toleran-

150 720 209 770 tem
232 711 263 768 iu
285 728 370 769 omne
392 708 545 767 discrimen
570 706 705 766 comitem
728 705 869 765 babebat.
913 704 980 777 Illa,
1002 703 1089 761 malie
1103 704 1170 763 fatis

148 814 227 886 gata,
253 803 415 864 identidem
440 802 598 863 muliebres
624 801 763 861 adhibere
790 798 956 872 blanditias,
984 804 1020 857 ut
1047 799 1167 857 tandem

149 902 248 979 lugam
270 900 398 973 sisteret,
420 897 597 976 victorisque
618 894 782 955 Alexandri
805 893 988 953 clementiam
1016 900 1166 970 expertus,

149 996 277 1073 placaret
289 1014 375 1073 quem
398 992 526 1071 elingere
549 1010 609 1049 non
629 998 735 1069 posset
779 990 854 1049 Tres
868 987 962 1047 adulti
982 995 1067 1047 erant
1081 988 1168 1048 liberi

150 1112 187 1150 ex
200 1111 235 1150 eo
247 1090 356 1168 geniti:
376 1107 451 1167 quos
474 1088 543 1146 edm
563 1086 676 1163 pectori
694 1084 787 1163 patris
805 1084 990 1159 admovisset,
1004 1090 1040 1141 nt
1062 1083 1167 1143 saltem

150 1206 251 1245 eorum
273 1184 403 1245 miserari
427 1183 523 1256 vellet,
547 1181 658 1242 orabat
673 1180 763 1239 “lot
787 1179 844 1258 qud
869 1178 1039 1238 efficaciores
1068 1185 1167 1237 essent

150 1300 258 1359 preces,
282 1278 361 1339 haud
380 1277 482 1355 procul
503 1284 567 1335 erat
594 1275 770 1335 Alexander.
821 1273 900 1333 ¹Ille
928 1292 959 1333 se
986 1272 1081 1352 prodi,
1109 1292 1166 1332 nou

149 1375 262 1435 moneri
284 1380 374 1448 ratus,
397 1379 429 1431 et
454 1372 555 1431 formae
576 1371 708 1448 prolecto
730 1368 838 1429 fiducia
861 1388 966 1447 oupere
986 1388 1050 1427 eam
1070 1388 1165 1447 quam·

150 1469 277 1547 primum
299 1466 366 1525 dedi
387 1464 565 1539 Alexandro,
580 1464 725 1523 acinacem
747 1462 875 1536 strinxit,
889 1482 1081 1539 percussurus
1098 1484 1166 1521 uxo·
1272 1452 1273 1475 ³

150 1582 222 1636 rem,
235 1561 293 1619 nisi
316 1560 480 1639 prohibitus
503 1566 581 1618 esset
603 1560 729 1619 frenum
750 1560 814 1634 ejus
836 1576 965 1617 occursu.
1019 1557 1168 1618 (laetorum

151 1658 231 1717 abire
255 1662 412 1735 conspectu
432 1655 527 1731 jubet,
541 1653 642 1713 addito
665 1662 745 1712 metu
766 1654 878 1728 mortis,
893 1653 919 1712 si
941 1671 972 1711 se
995 1654 1088 1712 oeulis
1103 1657 1167 1731 ejus

151 1752 323 1828 obtulisset,
345 1758 377 1810 et
399 1750 437 1809 ad
459 1749 636 1809 desiderium
651 1747 813 1808 levandum
835 1755 934 1807 noctes
957 1748 1033 1807 inter
1046 1748 1168 1825 pellices

151 1868 236 1928 agere
249 1848 343 1926 erepit
399 1845 459 1907 Sed
472 1845 592 1923 penitus
605 1844 717 1903 hoereus
731 1861 811 1902 amor
824 1842 963 1903 ‘fastidio
976 1845 1168 1921 praesentium

152 1962 287 2003 accensus
301 1950 354 2003 est
397 1941 502 2021 Itaque
515 1958 618 1999 rursus
630 1940 682 1998 nni
693 1940 720 1997 ei
734 1938 861 2013 deditus,
873 1958 955 1999 orare
969 1958 1026 1997 non
1041 1939 1168 2015 destitit,
1272 1944 1273 1991 3

151 2046 186 2097 ut
198 2038 252 2097 tali
265 2037 384 2098 oonsilio
406 2035 574 2108 abstineret,
588 2040 796 2113 patereturque
822 2042 939 2108 sortem,
954 2052 1167 2113 quemeumque
1272 2026 1273 2063 Ὗ

152 2134 194 2193 eis
216 2134 334 2193 fortuna
362 2131 496 2191 fecisset:
525 2129 582 2189 sibi
608 2136 732 2187 mortem
754 2127 901 2188 deditione
928 2147 990 2187 esse
1018 2128 1165 2188 leviorem.

152 2229 196 2288 At
209 2229 260 2286 illa
281 2246 406 2306 purgare
427 2245 468 2300 ee,
482 2225 580 2304 ‘quod
592 2244 659 2304 quae
672 2225 759 2284 utilia
778 2243 841 2282 osse
862 2224 1005 2301 oensebat,
1019 2225 1166 2286 muliebri·

151 2331 197 2382 ter
210 2324 341 2398 forsitan,
354 2320 407 2382 sed
419 2321 480 2380 fida
497 2329 594 2380 tamen
607 2327 703 2379 mente
717 2319 876 2378 suasisset:
897 2320 955 2378 ‘de
969 2327 1075 2380 caetero
1090 2322 1167 2381 brau-

131 2417 135 2427 '
151 2437 214 2476 ram
226 2417 258 2476 in
271 2416 327 2477 viri
340 2422 493 2493 potestate.

215 2516 257 2571 13.
280 2511 465 2589 Spitamenes
486 2509 622 2569 simulato
645 2517 749 2587 eaptus
770 2509 909 2588 obsequio
923 2508 977 2569 'de
1001 2503 1049 2570 di'e
1071 2512 1166 2572 conri-

152 2608 232 2668 vium
245 2605 378 2685 apparari
386 2585 492 2682 jubet:
512 2604 637 2682 vinoque
652 2610 682 2662 et
695 2603 789 2681 epulis
808 2605 915 2682 gravis,
930 2605 1121 2664 semisomnus
1136 2607 1166 2664 in

151 2703 317 2764 cubiculum
337 2701 439 2760 fertur.
482 2698 575 2770 Quem
596 2706 631 2757 ut
653 2698 730 2757 ¹alto
753 2706 783 2757 et
804 2699 887 2775 gravi
910 2717 1009 2758 somno
1037 2701 1166 2778 sopitum

153 2817 216 2858 esse
239 2797 331 2858 sensit
351 2814 434 2870 uxor,
455 2794 594 2874 gladium,
607 2813 693 2872 quem
706 2799 788 2852 veste
809 2793 1012 2868 occultaverat,
1027 2796 1164 2874 stringit,

153 2901 297 2972 caputque
319 2893 383 2970 ejus
404 2890 564 2952 abscissum
584 2907 687 2947 cruore
710 2906 842 2965 respersa
865 2907 949 2948 servo
971 2909 1023 2948 suo
1051 2893 1166 2950 conscio

152 2989 288 3047 facinoris
302 2987 402 3047 tradit
453 2984 566 3044 Eodem
587 2983 743 3042 comitante
758 2983 847 3058 (siout
861 2991 924 3043 erat
937 2989 1059 3044 eruente
1073 2989 1166 3065 veste)

154 3084 185 3142 iu
198 3082 391 3140 Macedonum
404 3087 502 3139 castra
523 3079 664 3158 pervenit,
678 3079 865 3158 nunciarique
880 3079 1049 3140 Alexandro
1070 3083 1166 3159 jubet,

155 3195 226 3250 esse,
240 3195 305 3254 quas
318 3195 355 3234 ex
367 3175 433 3252 ipsa
446 3175 565 3234 deberet
578 3193 741 3253 agnoscere.
784 3174 842 3233 Ille
856 3175 988 3253 protinus
1003 3175 1166 3236 Barbarum

161 3272 251 3350 jussit
273 3270 399 3328 admitti
441 3268 536 3340 Quam
558 3277 594 3328 nt
617 3289 765 3348 aspersam
787 3289 889 3329 cruore
908 3271 1068 3348 conspexit,
1084 3281 1167 3332 ratus

154 3369 191 3426 ad
204 3364 410 3445 deplorandam
423 3365 626 3424 coutumeliam
638 3364 761 3440 venisse,
773 3366 946 3445 dicereque
959 3366 1058 3440 vellet,
1070 3368 1165 3443 jubet
1270 3399 1271 3406 .

104 3510 110 3517 ,
154 3462 199 3520 At
221 3461 281 3532 illa,
295 3477 411 3521 servum
434 3477 520 3537 quem
542 3466 620 3517 stare
641 3459 672 3516 in
694 3459 839 3518 vestibulo
858 3463 996 3536 jusserat,
1018 3460 1167 3520 introduci

153 3554 335 3613 desideravit.
379 3551 446 3628 Qui,
460 3553 529 3631 quia
551 3561 640 3629 eaput
664 3551 841 3628 Spitamenis
855 3562 936 3614 veste
957 3560 1067 3612 tectum
1082 3555 1167 3614 habe·

153 3651 213 3724 bat,
236 3656 396 3727 suspectus,
418 3648 615 3708 scrutantibus
638 3647 710 3726 quid
734 3649 887 3723 ooonleret,
913 3649 1048 3708 ostendit.
1094 3649 1166 3710 Gon·

152 3744 269 3802 fuderat
282 3744 342 3804 oris
362 3743 515 3830 exsanguis
536 3749 621 3801 notas
645 3741 748 3820 pallor,
762 3762 816 3800 neo
829 3744 895 3821 quie
909 3751 987 3802 esset
1000 3743 1081 3802 nosci
1095 3744 1167 3804 satis

152 3845 275 3917 poterat
326 3838 407 3922 Ergo
431 3838 499 3900 Rex
522 3839 629 3898 certior
651 3839 745 3898 factm
769 3838 926 3898 humanum
939 3847 1035 3920 ¹caput
1062 3839 1166 3900 afferre
