2592 4400
403 381 525 420 ursan
553 381 605 420 ιν.
636 381 719 420 oar.
749 382 821 422 111.
1078 367 1117 423 65
1155 353 1161 362 ⁶

3 573 5 582 ,
104 518 224 580 ‘Rubri
249 518 338 578 maris
365 518 476 593 accolae,
504 518 638 578 'nomina
662 519 763 580 verius
788 539 875 598 quam
907 521 1025 596 auxilia,
1051 528 1118 600 post
1181 539 1184 545 ·

103 631 207 672 currus
221 620 310 672 eraut.
353 613 548 676 Claudebatur
571 613 626 672 hoc
648 634 751 693 agmen
764 615 832 674 aliis
850 615 965 674 falcatis
985 617 1117 677 curribus

102 709 329 788 quinquaginta:
350 709 432 786 queis
444 708 643 787 ⁸peregrinum
664 709 787 767 militem
807 710 987 785 adjunxerat.
1028 712 1139 770 Hunc.
1152 703 1255 761 '160

103 803 239 862 Armenii
261 822 332 881 quos
355 803 483 862 Minores
503 810 615 878 vocant,
629 804 784 864 Armenios
804 803 967 882 Babylonii,
981 813 1116 884 utrosque

102 898 222 972 Belitae,
247 898 349 976 etqui
369 905 481 957 montes
507 896 687 958 Cossaeorum
719 898 889 973 incolebant,
916 900 1114 978 sequebantur.

103 994 179 1052 Post
192 993 243 1052 hos
257 993 336 1052 ibant
350 992 477 1068 Cortum,
492 1001 594 1072 gentes
613 993 730 1073 quidem
753 994 901 1068 Euboicae,
914 995 1017 1054 Medos
1029 1015 1118 1074 quom

103 1088 174 1146 ddm
200 1089 300 1163 secuti,
322 1089 372 1148 sed
389 1090 450 1165 jam
472 1089 634 1168 degeneres,
648 1096 680 1147 et
698 1089 788 1167 patrii
806 1089 895 1148 moris
915 1089 1014 1169 ignari.
1055 1091 1112 1168 Ap

101 1183 245 1259 plicuerat
271 1183 318 1243 his
345 1172 493 1262 Phrygas,¹
509 1190 540 1242 et
567 1181 716 1244 Cataonas
765 1183 991 1243 Partbienorum
1009 1171 1181 1243 deindt'sl
1196 1167 1259 1223 ω’

99 1296 182 1356 gens,
207 1278 392 1338 incolentium
415 1285 516 1353 terras,
530 1298 601 1357 quas
623 1297 698 1337 nunc
720 1279 824 1338 Parthi
848 1280 969 1357 seythia
996 1280 1114 1357 profecti

100 1379 209 1447 tenent,
224 1373 394 1434 claudebant
407 1393 515 1453 agmen.
557 1374 631 1432 Haec
644 1373 756 1433 sinistri
769 1374 944 1436 cornuacies
957 1375 1022 1435 fuit.
1137 1371 1142 1375 ’

165 1471 211 1528 47.
233 1468 375 1528 Dextrum
395 1469 510 1529 tenebat
531 1469 611 1528 natio
631 1470 748 1547 majoris
761 1471 916 1546 Armeniae,
931 1469 1113 1550 Cadusiique,

101 1562 297 1641 Cappadoces,
311 1571 341 1622 et
355 1564 422 1642 Syri
434 1570 464 1623 et
479 1563 566 1624 Medi
609 1564 668 1624 His
680 1585 792 1644 quoque
805 1565 903 1624 falcati
916 1585 1018 1625 currus
1031 1574 1114 1625 erant

98 1658 317 1738 quinquaginta
360 1659 476 1719 Summa
498 1658 588 1718 totius
611 1660 774 1719 exercitlls:
795 1660 905 1738 equites
924 1661 981 1721 xlv.
1002 1661 1112 1722 millia:
1140 1658 1160 1712 l
1171 1664 1186 1707 t
1198 1675 1226 1744 7
1240 1671 1279 1716 θ-

98 1753 245 1831 pedestris
258 1754 333 1812 acies
347 1755 469 1812 ducenta
477 1754 569 1812 millia
582 1755 753 1832 expleverat.
795 1755 862 1813 Hoc
871 1754 956 1814 medo
969 1756 1112 1832 instructi,

98 1849 199 1908 decem
223 1850 320 1909 stadia
342 1849 507 1926 procedunt,
529 1850 658 1927 jussique
678 1849 843 1926 subsistere,
857 1851 981 1908 ’armati
1002 1851 1114 1911 bostem

98 1944 297 2022 expectabant
339 1945 499 2002 Alexandri
522 1944 680 2003 exercitum
702 1948 830 2022 ¹‘'pasor,
849 1947 933 2022 cujus
952 1964 1037 2004 causo
1055 1965 1114 2026 non

99 2039 227 2114 suberat,
242 2039 364 2098 invasit:
385 2040 491 2118 quippe
505 2039 648 2118 lymphati
662 2039 806 2116 trepidare
819 2046 974 2117 coeperunt,
988 2041 1113 2100 omnium

97 2141 216 2213 pectora
227 2135 335 2194 occulto
349 2141 429 2192 metu
442 2141 631 2213 percurrente.
675 2132 749 2195 Coeli
762 2134 857 2215 fulges
871 2143 999 2213 tempore
1011 2136 1116 2199 aestivo.
1137 2132 1159 2176 s
1165 2135 1187 2176 s
1194 2121 1266 2195 75'

97 2231 213 2289 ardenti
241 2231 343 2291 similis
358 2230 536 2306 internitens,
552 2230 626 2309 ignis
645 2230 768 2308 praebuit
786 2231 923 2307 speciem;
947 2232 1111 2291 llllammos

96 2345 155 2404 que
178 2344 214 2384 ex
238 2324 319 2385 Darii
340 2325 444 2384 castris
466 2325 624 2403 splendere,
636 2326 717 2385 velut
736 2325 815 2385 illati
834 2327 942 2386 temere
956 2327 1111 2404 presidiis,

96 2421 259 2481 credebant.
272 2411 275 2417 ’
302 2419 387 2492 Quod
400 2420 426 2479 si
439 2420 577 2497 perculsis
597 2419 734 2495 Mazaeus,
747 2421 797 2499 qui
818 2420 991 2498 praesidebat
1004 2422 1110 2499 itineri,

96 2515 318 2595 supervenisset,
343 2514 445 2597 ingens
467 2515 563 2573 clades
586 2515 676 2593 accipi
702 2516 805 2593 potuit.
856 2514 950 2590 Nunc,
973 2517 1041 2575 dum
1061 2517 1110 2577 ille

96 2610 196 2689 segnis
218 2609 248 2668 in
260 2628 303 2685 eo,
317 2630 401 2688 quem
423 2617 616 2687 occupaverat,
637 2610 749 2669 tumulo
770 2610 861 2685 sedet,
882 2618 1033 2676 (autentus
1052 2630 1112 2671 non
1127 2615 1145 2659 s
1151 2609 1175 2660 l
1182 2597 1212 2659 ff
1218 2595 1238 2636 '²

94 2704 217 2783 lacessi3
237 2703 413 2781 Alexander,
434 2705 546 2783 cognito
571 2724 676 2782 pavore
689 2705 844 2780 exercitus,
860 2704 972 2784 signum
992 2713 1027 2764 ut
1046 2726 1110 2765 cou-

94 2801 231 2861 sisterent
255 2800 328 2875 dari,
353 2807 420 2859 ante
444 2799 523 2877 ipsos
544 2819 623 2858 arma
650 2800 791 2877 deponere
815 2819 849 2857 ac
873 2800 969 2858 levare
990 2818 1110 2877 corpora

102 2896 203 2973 jubet;
226 2894 390 2970 admonens,
403 2894 513 2953 nnllam
536 2894 627 2953 subiti
649 2913 764 2952 causam
777 2912 839 2953 esse
861 2893 982 2968 timoris,
996 2894 1109 2953 bostem

93 2990 197 3070 procul
210 2998 294 3050 stare.
337 2990 356 3019 ¹²
368 2989 498 3048 Tandem
509 2996 655 3067 compotes
675 2988 722 3048 sui
744 2988 854 3066 pariter
867 2995 988 3047 armaet
1000 2988 1109 3049 animos
1237 3050 1263 3063 ,

93 3088 241 3162 recepere,
263 3102 315 3143 nee
337 3082 494 3162 quidquam
517 3083 535 3113 ¹⁸
546 3102 582 3141 ex
603 3082 793 3160 praesentibus
819 3082 913 3143 tutius
938 3084 1032 3144 uisum
1054 3058 1230 3161 est-sssd

92 3182 184 3260 quam
196 3180 296 3240 eodem
308 3178 371 3238 loco
385 3186 481 3238 cestra
493 3178 612 3237 munire.
692 3224 694 3229 .

158 3277 204 3334 48.
226 3274 348 3334 Postero
374 3274 421 3333 die
455 3272 592 3348 Mazaeus,
615 3272 666 3352 qui
690 3292 755 3331 cum
781 3272 900 3332 delectis
926 3274 1056 3353 equitum
1077 3274 1109 3332 in

93 3370 176 3429 edito
189 3368 271 3444 colle,
284 3388 321 3427 ex
341 3388 396 3446 quo
418 3368 607 3427 Macedonum
627 3367 874 3445 prospiciebantur
895 3377 999 3444 castra,
1013 3388 1108 3428 conse·

94 3466 188 3539 derat,
202 3464 263 3524 sive
283 3471 371 3538 metu,
395 3464 456 3523 sive
476 3464 544 3541 quia
568 3464 588 3491 ¹⁴
600 3462 742 3540 speculari
763 3462 850 3521 mode
867 3465 967 3539 jussus
986 3472 1057 3537 erat,
1071 3463 1108 3521 ad
1176 3470 1179 3475 '

93 3560 219 3619 Darium
244 3559 340 3619 rediit.
395 3557 569 3617 Macedones
596 3576 661 3616 eum
692 3558 786 3634 ipsum
812 3557 924 3632 collem,
950 3578 1034 3636 quem
1060 3536 1108 3615 de·
1116 3568 1163 3623 sl
1172 3576 1234 3648 qo

94 3662 235 3729 seruerat,
258 3659 481 3730 occupaverunt;
502 3671 570 3710 nam
591 3658 621 3711 et
642 3652 734 3709 tutior
752 3650 874 3727 planitie
896 3660 968 3726 erat,
990 3658 1020 3709 et
1039 3651 1108 3711 inde

92 3749 172 3809 acies
184 3748 322 3824 hostium,
337 3747 454 3827 quaein
474 3764 574 3824 campo
588 3748 609 3775 ¹⁵
617 3746 825 3823 explicabatur,
839 3746 966 3823 conspici
985 3753 1107 3823 poterat

93 3844 155 3908 Sed
169 3844 189 3874 ²⁸
198 3843 301 3925 caligo,
315 3862 400 3922 quam
413 3842 489 3901 oirod
508 3840 620 3900 humidi
640 3842 799 3903 effuderant
810 3846 931 3914 montes,
944 3840 1108 3901 universam
