2592 4400
365 473 486 515 nunna
512 473 604 514 vrri.
633 475 718 517 car.
746 474 819 515 v11.
1047 458 1102 519 193

77 614 149 688 Illo,
165 612 311 691 paulatim
323 620 420 672 mente
432 612 563 689 oollectt,
577 612 648 691 quid
668 614 812 691 afferrent,
832 615 997 695 interrogat
1040 614 1104 675 Neo

75 716 235 768 cunctatus
262 708 456 786 Eurylochus,
482 728 540 767 non
567 727 603 768 ex
630 715 694 768 toto
722 710 839 769 domum
865 730 948 769 suam
976 712 1103 771 aversari

78 806 172 880 Deos,
195 804 288 864 dixit:
318 804 387 883 qnia
409 805 500 863 fiater
522 804 624 882 ipsius,
648 824 810 884 quanquam
838 806 958 883 impium
991 806 1103 865 facinus

75 920 172 959 ausus
195 902 281 974 foret,
307 909 403 958 tamen
425 907 456 957 et
479 900 707 977 ¹⁶poenitenaiam
732 903 795 977 ejus
818 908 924 980 ageret,
949 908 979 960 et
1001 922 1052 980 per
1073 922 1103 962 se

74 996 270 1074 potissimum
294 996 477 1074 profiteretur
489 995 645 1055 indicium:
667 996 699 1055 in
713 1015 776 1055 eam
797 996 890 1073 ipsam
902 1004 1025 1072 noctem,
1039 1016 1103 1076 quae

76 1076 382 1167 decederet,'insidias
404 1097 584 1169 comparatas
605 1090 707 1151 fuisse.
750 1091 895 1151 Auctoree
909 1091 1024 1154 scelesti
1039 1110 1103 1151 oon·

76 1186 140 1246 silii
154 1206 228 1262 esse,
242 1204 314 1265 quos
337 1185 457 1245 minime
473 1186 601 1245 crederet
615 1186 689 1247 Rex.
732 1186 807 1246 Tum
833 1186 988 1265 Epimenes
1002 1192 1103 1246 cuncta
1193 1182 1196 1195 '

75 1282 192 1357 ordine,
207 1280 439 1359 consciorumque
450 1281 566 1340 nomina
578 1282 704 1359 exponit

139 1379 192 1435 24.
216 1376 414 1436 calisthenem
436 1395 492 1435 non
516 1384 550 1434 ut
572 1376 742 1454 participem
764 1376 900 1435 facinoris
922 1376 1102 1435 nominatum

76 1492 144 1531 esse
168 1472 332 1545 constabat,
347 1472 400 1530 sed
421 1470 571 1531 ¹⁸solitum
594 1492 751 1549 puerorum
775 1473 963 1547 sermonibus,
978 1473 1102 1550 vituper-

78 1570 198 1627 antium
212 1567 484 1646 criminantiumque
504 1568 624 1645 Regem,
638 1568 740 1627 faciles
754 1588 837 1627 aures
851 1568 988 1646 praebere.
1032 1568 1101 1639 Qui-

16 1676 20 1692 '
74 1664 148 1722 dam
163 1664 317 1739 adjiciunt,
332 1664 400 1720 edm
416 1662 591 1721 Hermolaus
605 1662 683 1740 apud
704 1683 770 1721 eum
788 1684 902 1743 quoque
916 1664 1102 1724 verberatum

75 1780 108 1820 se
123 1781 143 1819 a
166 1760 251 1838 Rege
265 1765 444 1838 quereretur,
459 1758 570 1817 dixisse
586 1757 792 1833 Galisthenem,
807 1760 976 1819 meminisse
997 1760 1101 1819 debers

75 1876 128 1915 eos
150 1859 215 1933 jam
230 1856 308 1913 viros
323 1872 396 1913 esse.
439 1853 535 1932 quue
556 1874 593 1913 an
617 1854 681 1913 ”ad
704 1854 909 1914 consolandam
930 1855 1101 1932 patientiam

76 1952 245 2024 verberum,
261 1970 297 2007 an
313 1949 350 2007 ad
371 1948 550 2007 incitandum
561 1951 701 2025 juvenum
717 1948 874 2007 ¹⁸d010rem
890 1950 1000 2008 dictum
1014 1956 1100 2025 esset,

76 2048 107 2105 in
134 2044 275 2122 ambiguo
289 2043 389 2102 fuisse.
432 2044 498 2102 Rex
511 2044 601 2101 animi
623 2044 810 2121 corporisque
834 2062 938 2120 sopore
961 2044 1100 2120 discusso,

76 2140 242 2222 camunti
255 2139 377 2217 periculi
387 2140 464 2218 quod
478 2146 609 2198 evaserat
622 2140 717 2218 imago
732 2138 824 2198 oculis
839 2139 996 2215 oberraret,
1009 2138 1101 2218 Eury·

76 2239 198 2296 locbum
213 2236 424 2314 qninquaginta
437 2235 566 2308 talentis,
581 2243 611 2294 et
632 2235 785 2312 cujusdam
807 2234 955 2312 Tyridatis
970 2235 1100 2313 opulenti

77 2335 165 2394 bonis
188 2332 278 2391 donat
297 2332 448 2408 protinus:
469 2331 656 2409 fratremque,
671 2331 826 2409 antequam
850 2351 901 2408 pro
924 2331 1017 2391 salute
1037 2334 1101 2408 ejus

77 2435 262 2507 precaretur,
287 2427 426 2485 restituit
476 2425 601 2485 Sceleris
624 2434 722 2484 autem
744 2435 884 2500 auctores,
897 2427 1030 2506 interque
1052 2447 1100 2486 eos

78 2525 292 2596 (lalisthenem,
306 2523 420 2582 vinctos
434 2523 577 2582 asservari
595 2523 688 2598 jubet.
734 2522 847 2593 Quibus
862 2524 891 2580 in
913 2523 1038 2603 Regiam
1052 2523 1100 2582 ad·

77 2622 188 2694 ductis,
203 2625 267 2678 toto
291 2619 338 2676 die
362 2626 393 2676 et
414 2627 497 2676 noete
522 2619 656 2695 proximet
670 2639 748 2676 mero
769 2638 802 2676 ac
816 2618 925 2696 vigiliis
945 2619 1042 2696 gravis
1057 2639 1099 2676 ao·

76 2716 203 2795 quievit.
247 2714 372 2772 Postero
390 2720 486 2770 autem
508 2711 564 2779 die,
578 2713 714 2791 frequens
728 2712 882 2770 concilium
894 2713 1037 2787 adhibuit,
1053 2712 1100 2770 eni

76 2821 181 2890 patres
204 2809 414 2887 propinquique
423 2871 426 2874 ⁴
435 2827 543 2881 eorum,
566 2808 634 2865 ¹⁰de.
645 2807 751 2886 quibus
766 2806 915 2886 agebatur,
930 2806 1099 2881 intererant,

77 2927 114 2965 ne
137 2905 177 2964 de
202 2907 257 2962 sua
279 2903 396 2980 quidem
419 2902 513 2960 salute
535 2903 647 2960 securi:
669 2903 776 2980 quippe
801 2901 994 2958 Macedonum
1019 2921 1099 2962 more

77 3003 178 3081 perire
193 2999 345 3072 debebant,
361 2999 487 3056 omnium
503 2998 615 3057 devotis
635 2997 790 3074 capitibus,
805 2997 855 3075 qui
876 2996 1017 3074 sanguine
1032 3015 1098 3056 con·

77 3099 220 3178 tigissent
233 3113 290 3152 eos.
341 3094 408 3152 Rex
421 3093 566 3151 introduci
579 3095 754 3169 conjuratos,
770 3099 875 3170 praeter
892 3091 1098 3170 Galisthenem,

84 3193 195 3270 jussit:
216 3200 304 3268 atque
317 3209 383 3267 quae
397 3189 577 3268 agitaverant
597 3188 660 3246 sine
681 3188 862 3246 cunctatione
877 3189 1001 3248 confessi
1022 3199 1097 3249 sunt.

79 3286 312 3364 Increpantibus
323 3278 428 3342 deinde
439 3283 583 3343 universis
592 3303 651 3357 eos,
666 3283 728 3361 ipse
740 3283 815 3358 Rex,
832 3287 848 3316 “
859 3305 916 3362 quo
928 3305 980 3344 sno
995 3286 1099 3344 merito

78 3390 198 3441 tantum
212 3380 243 3437 in
257 3387 351 3437 semet
361 3380 539 3456 cogitassent
552 3379 665 3437 facinus
675 3379 688 3438 ⁸?
699 3379 715 3408 ’¹
731 3379 899 3458 interrogat.

141 3475 222 3535 VII.
244 3479 293 3532 25.
324 3473 518 3550 Stupentibus
538 3473 661 3548 caeteris,
684 3473 868 3547 Hermolaus,
891 3475 982 3533 “Nos
1002 3473 1099 3549 verb,''

79 3573 187 3651 inquit,
204 3575 221 3604 “
231 3571 375 3648 qnoniam,
387 3569 471 3648 quasi
485 3569 607 3637 nescias,
616 3569 733 3648 quaeris,
743 3568 894 3628 occidendi
908 3576 938 3626 te
947 3567 1099 3626 consilium

79 3669 230 3740 inivimus,
244 3666 383 3744 quianon
396 3673 430 3722 ut
445 3665 596 3742 ¹ingennis
609 3666 751 3742 imperare
767 3664 890 3742 coepisti,
906 3663 956 3721 sed
971 3662 1054 3740 quasi
1069 3663 1099 3720 in

79 3762 227 3838 mancipia
256 3759 441 3817 dominaris.'’
483 3758 601 3816 Primus
624 3779 661 3816 ex
685 3758 816 3817 omnibus
837 3763 919 3834 pater
932 3755 1033 3838 ipsius,
1050 3755 1099 3816 So-

79 3858 166 3936 polis,
181 3855 358 3935 parricidam
372 3855 459 3911 etiam
474 3853 606 3930 parentis
621 3854 667 3911 sni
682 3853 832 3911 clamitans
847 3870 920 3925 esse,
935 3851 1097 3928 consurgit3

80 3961 111 4012 at
136 3953 175 4012 ad
201 3970 236 4012 os
259 3969 348 4008 mann
369 3949 494 4026 objecta,
509 3948 617 4007 scelere
639 3956 670 4006 et
693 3947 777 4006 malis
800 3946 991 4010 insanientem
1019 3947 1099 4014 ultra

255 4047 276 4104 9
