2592 4400
184 407 221 466 78
520 421 667 468 aursni
701 421 846 462 courir

183 561 231 637 tis,
246 561 328 620 noris
341 557 507 620 vulneribus
530 557 739 620 excitabantur.
781 557 915 636 Quidam,
929 561 1079 638 occupetis
1101 561 1199 642 proxi·

58 645 166 718 saec
182 657 238 716 mn
264 655 345 729 rivis,
360 654 536 714 diverterant
561 654 1038 734 10nguuuaqueequie0oeuni
1065 657 1199 717 nemora

181 753 302 830 usquam
328 755 466 826 manaret,
492 749 664 828 exciperent
707 749 770 808 Nee
794 749 855 808 ulls
879 750 950 810 adeo
976 751 1043 810 avia
1065 760 1098 812 et
1122 754 1200 811 sicca

181 845 284 906 lacuna
309 851 382 920 erat,
405 865 470 926 quae
492 845 697 924 vestigantium
720 845 800 904 sitim
825 845 948 906 falleret.
1000 846 1028 906 E
1054 849 1200 924 proximis
1277 922 1278 925 Ἴ

181 943 250 1002 verb
263 940 362 1001 itineri
376 939 458 1018 vicis,
479 959 578 1000 senum
598 939 728 1000 ululatus
748 939 984 1020 feminarumque
1003 943 1200 1004 exaudieban-

181 1044 239 1112 tur,
253 1035 376 1098 barbaro
388 1036 447 1096 ritu
460 1033 580 1096 Darium
595 1033 689 1094 adhue
702 1034 814 1113 Regem
828 1035 1019 1096 clamantium.

48 1119 64 1168 s
73 1113 163 1185 ΗΓ
241 1136 288 1192 62.
310 1131 484 1207 Alexander,
513 1131 531 1160 ¹¹
540 1137 573 1190 ut
600 1131 687 1207 supra
714 1129 822 1189 diuum
845 1138 899 1206 est,
926 1130 1050 1191 inhibito
1077 1153 1199 1192 suorum
1277 1158 1278 1186 t

180 1247 272 1301 eursu,
296 1227 332 1286 ad
356 1225 468 1304 Lycum
491 1243 602 1284 amnem
625 1231 812 1302 pervenerat:
842 1224 893 1285 uhi
912 1224 1014 1304 iugens
1036 1227 1199 1286 multitudo
1277 1240 1278 1243 ’

179 1321 351 1401 fugientium
366 1327 533 1380 oneraverat
545 1325 672 1398 pontem,
684 1327 715 1378 et
727 1319 865 1400 plerique,
886 1321 953 1378 crim
963 1321 1055 1380 hostis
1067 1331 1189 1401 urgeret

180 1417 211 1476 in
233 1416 338 1474 flumen
359 1433 390 1474 se
413 1413 670 1492 praecipitaverant,
693 1434 852 1494 gravesque
875 1414 970 1490 armis,
985 1423 1015 1473 et
1038 1418 1143 1494 praelio
1163 1437 1198 1476 ac

179 1511 252 1589 iuge
275 1509 436 1588 defatigati,
459 1509 623 1588 gurgitibus
644 1509 857 1570 hauriebantur.
899 1509 1023 1589 Jamque
1045 1531 1104 1570 nou
1123 1532 1199 1589 pons
1277 1550 1278 1561 ι

48 1597 66 1656 l
91 1595 170 1680 ilfa
180 1603 265 1664 modo
287 1603 439 1682 fugientes,
461 1601 512 1660 sed
534 1621 570 1660 ne
592 1603 686 1662 amnis
708 1603 825 1684 quidem
847 1603 988 1681 capiebat,
1007 1606 1125 1684 agmina
1144 1627 1198 1666 sua
1277 1622 1278 1639 ¹

180 1697 339 1776 improvide
363 1696 484 1757 subinde
511 1695 704 1758 cumulantes:
732 1698 838 1776 quippe
864 1698 915 1760 ubi
941 1699 1061 1759 intrarit
1083 1700 1197 1764 animos

179 1813 277 1874 pavor,
292 1792 323 1852 id
346 1793 438 1852 solum
461 1797 602 1866 metuunt,
615 1791 694 1871 quod
716 1793 841 1870 primum
861 1793 1017 1852 formidare
1036 1803 1195 1872 coeperunt

180 1887 354 1964 Alexander,
376 1887 564 1963 (metantibus
586 1885 655 1961 suis,
670 1886 782 1964 impune
806 1887 958 1948 abeuntem
981 1887 1093 1947 hostem
1113 1891 1197 1969 sequi

181 1964 421 2064 i'permitteret;)
444 1981 591 2042 “hebetia
613 1981 674 2040 tels
694 2000 766 2057 esse,
788 1989 821 2040 et
843 2001 944 2041 manus
966 1982 1113 2061 fatigatas,
1133 1992 1196 2044 tau

75 2059 96 2123 s
93 2063 184 2146 blas
179 2085 266 2157 toque
280 2097 366 2136 cursu
380 2095 497 2154 corpora
511 2075 658 2150 exhausta,
672 2083 703 2134 et
722 2095 851 2154 praeceps
872 2076 903 2134 in
916 2083 1029 2136 noetem
1049 2077 1109 2136 diei
1124 2086 1196 2138 tem·

179 2163 263 2251 pus,’'
291 2171 308 2201 ¹⁴
319 2176 454 2231 causatus
475 2175 526 2231 est
569 2169 684 2230 Revera
708 2169 744 2229 de
762 2169 835 2231 laevo
855 2189 952 2247 cornu,
977 2171 1081 2251 ¹‘quod
1101 2173 1198 2234 adhue

180 2268 212 2327 in
233 2266 295 2324 acie
318 2272 395 2325 stare
418 2263 563 2339 credebat,
584 2264 734 2338 sollicitus,
754 2265 862 2325 reverti
884 2265 922 2325 ad
943 2266 1090 2325 ferendum
1110 2286 1196 2345 opem

181 2362 242 2447 suis
256 2360 274 2389 ¹⁶
282 2362 393 2420 statuit.
435 2359 559 2438 Jamque
582 2360 865 2439 signaoonverterat,
879 2365 943 2421 oum
966 2362 1078 2441 equites
1091 2382 1110 2422 a
1124 2364 1195 2423 Par·
1276 2343 1277 2410 i

81 2456 310 2605 [flumme
328 2454 419 2531 missi,
434 2454 514 2513 illius
533 2452 645 2533 quoque
667 2454 759 2532 partis
779 2455 930 2515 victoriam
949 2456 1094 2517 nunciant
1135 2457 1196 2519 sed
1276 2485 1277 2520 ι

179 2550 292 2625 nullum
313 2568 346 2608 eo
360 2548 408 2607 die
429 2551 522 2626 majus
543 2548 701 2626 pericnlum
721 2550 739 2578 ¹⁷
747 2548 831 2623 adiit,
844 2556 932 2627 quam
951 2550 1024 2609 dum
1036 2550 1133 2628 copias
1152 2572 1196 2611 re·

1273 2223 1278 2340 l

180 2646 260 2706 ducit
273 2646 304 2705 in
317 2652 419 2706 castra
461 2644 553 2704 Pauci
574 2664 638 2703 eum
652 2653 683 2703 et
698 2644 884 2723 incompositi
903 2646 1097 2724 sequebantur
1108 2666 1195 2707 ovan-

179 2748 225 2801 tes
238 2740 367 2801 victorie.
410 2738 523 2817 Quippe
545 2758 642 2798 omnes
663 2738 769 2813 hostes,
783 2747 835 2797 aut
854 2739 884 2797 in
903 2740 1002 2826 fugam
1014 2740 1130 2816 effusos,
1143 2748 1198 2801 aut
1276 2739 1277 2792 ἶ

179 2837 211 2921 iu
224 2837 284 2897 acie
297 2836 435 2896 cecidisse
449 2834 610 2895 credebant.
653 2833 730 2895 (tum
746 2835 864 2911 repente
878 2834 1047 2894 exadverso
1060 2836 1194 2913 apparuit
1276 2887 1277 2930 ,

170 2952 281 3021 gmon
304 2933 443 3013 equitum,
460 2932 510 3011 qui
532 2930 627 3009 primb
649 2928 799 2991 inhibuere
819 2948 951 3006 cursum;
973 2929 1076 2989 deiude
1097 2930 1193 2991 Mace-
1276 2955 1277 2988 t

86 3015 162 3078 ‘65⁰
179 3027 285 3086 donum
309 3028 454 3105 paucitate
481 3030 641 3102 conspecta,
666 3032 777 3083 turmas
800 3023 830 3081 in
850 3024 1190 3109 obvioseoneitureruut
1219 3013 1222 3017 Α

180 3111 260 3203 liuto
287 3121 370 3199 signa
396 3120 463 3201 Rex
488 3120 559 3193 ibat,
587 3118 798 3179 ¹⁸dissimulato
824 3119 917 3197 magis
931 3118 1080 3197 periculo,
1104 3121 1191 3198 quim
1275 3163 1276 3198 ,

180 3211 285 3291 spreto.
337 3213 518 3273 Nec-defuit
539 3214 567 3273 ei
580 3219 731 3292 'perpetua
753 3214 784 3273 in
808 3213 935 3275 ’'dubiis
954 3213 1040 3274 rebus
1059 3214 1190 3274 felicitae
1275 3251 1276 3274 ;

181 3309 315 3389 Namque
337 3310 507 3387 praeiectum
533 3310 679 3387 equitatus
705 3308 823 3369 avidum
848 3309 1021 3384 certaminis,
1048 3316 1079 3367 et
1104 3310 1143 3369 ob
1162 3310 1191 3369 id

179 3405 273 3483 ipsum
298 3403 444 3463 incautius
470 3403 501 3461 iu
527 3422 558 3463 ee
585 3412 723 3479 ruentem,
750 3404 836 3463 haste
861 3405 1013 3464 hansfimt
1064 3404 1130 3476 Quo
1155 3424 1191 3465 ex

81 3504 253 3576 fetaeque
266 3499 355 3575 lapso,
369 3497 539 3577 proximum,
555 3516 588 3555 ao
610 3497 715 3556 deinde
737 3498 844 3575 plures,
857 3498 957 3566 eodem
977 3499 1035 3557 telo
1055 3500 1189 3561 confodit.

60 3608 62 3612 ·
138 3592 161 3661 b
180 3593 317 3653 Invasere
338 3592 469 3655 turbatos
493 3592 577 3651 amici
599 3612 720 3671 quoque,
733 3611 785 3651 nec
809 3593 908 3653 Persae
928 3593 1013 3652 inulti
1034 3593 1190 3655 cadebant·

180 3688 286 3767 qnippe
300 3706 357 3747 nou
378 3686 548 3747 ”universae
569 3687 655 3761 acies,
669 3690 755 3765 quam
774 3688 821 3749 hae
834 3687 1060 3747 ”tumultuariae
1082 3708 1182 3751 manus

180 3780 378 3842 vehementius
391 3780 482 3841 iniere
496 3788 648 3841 certamen.
691 3781 818 3841 Tandem
838 3781 971 3856 Barbari,
992 3785 1060 3841 erim
1074 3783 1189 3845 obscuri

181 3874 244 3933 luce
257 3874 326 3955 fuga
339 3875 429 3935 tutior
443 3874 589 3955 videretur
602 3894 675 3950 esse,
688 3878 775 3954 quem
783 3895 887 3955 pugna,
898 3874 1019 3937 dirersis
1032 3878 1191 3957 agminibus

1273 3299 1277 3386 l

1270 3615 1277 3803 l
