2592 4400
192 390 253 449 250
543 406 684 458 oururr
711 405 851 447 ouurrr

191 546 313 626 peounit
323 548 413 627 qutm
425 553 543 607 eentum
556 552 588 605 et
601 546 724 625 triginta
738 544 849 605 talentu
862 546 1052 625 superfuere:
1072 546 1152 607 sded
1163 546 1214 609 ills
1278 568 1279 617 l

191 643 344 717 exereitus,
359 650 404 701 tot
418 642 628 701 ditissimorum
642 642 774 722 gentium
795 641 896 719 vietor,
915 642 982 719 plus
1004 650 1102 701 temen
1123 643 1213 702 vieto·
1278 626 1279 647 ¹

190 737 243 797 riae
255 738 344 816 qutm
358 736 465 815 praedte
478 736 645 816 deportavit
659 756 695 796 ex
710 736 794 796 Asis.
838 735 994 811 (laetorum,
1009 745 1044 795 ut
1056 738 1214 817 eognitum

190 838 235 889 est
249 831 321 891 elios
335 832 447 891 remitti
460 832 587 905 domum,
608 832 681 893 alios
701 832 832 909 retineri,
853 839 1024 910 perpetuam
1039 852 1108 891 eum
1131 833 1213 911 regni
1278 882 1279 905 ,

190 926 287 986 sedem
302 927 331 986 in
345 928 421 987 Asis
435 927 601 987 habiturum
614 928 681 1003 ruti,
695 928 832 987 vecordes
847 935 876 987 et
891 927 1055 1006 disciplinae
1069 928 1212 987 militaris
1278 914 1279 987 l

190 1023 381 1099 immemores,
396 1023 544 1083 seditiosis
557 1023 678 1083 voeibus
693 1030 789 1081 eastra
802 1022 955 1101 complent,
978 1022 1153 1102 Regemque
1174 1026 1210 1082 fe·

190 1120 288 1178 roeirls
308 1121 394 1199 quim
415 1120 490 1178 oliits
512 1118 616 1194 adorti,
643 1138 743 1177 omnes
764 1118 852 1177 simul
872 1118 1037 1177 missionem
1057 1119 1211 1196 postulare
1278 1192 1279 1195 Ἴ

189 1223 346 1293 coeperunt,
358 1215 500 1274 deformia
509 1214 762 1293 orueieetrieibus,
772 1214 965 1294 canitiemque
977 1214 1106 1291 sapitum
1118 1222 1211 1273 osten·

189 1316 292 1368 tentes.
335 1310 399 1369 Neo
422 1317 475 1372 eut
495 1310 708 1369 Proefeetorum
729 1309 927 1388 castigatione,
949 1315 1000 1367 eut
1013 1310 1211 1369 'vereonndiri
1278 1296 1279 1359 l

190 1404 282 1483 Regis
296 1405 440 1480 deterriti,
455 1405 636 1464 tumultuoso
646 1406 773 1464 elamore
785 1412 815 1463 et
826 1405 947 1463 militari
957 1404 1101 1464 violentie
1110 1406 1209 1464 volen-
1278 1420 1279 1487 ζ

188 1505 246 1557 tem
262 1500 342 1578 loqui
355 1500 543 1578 inhibebunt3
564 1502 663 1578 poldon
683 1501 813 1579 professi,
835 1520 977 1579 nusquam
998 1500 1075 1574 inde,
1098 1501 1159 1559 nisi
1180 1501 1210 1560 iu

187 1596 321 1672 petriam,
336 1597 493 1676 vestigium
508 1616 573 1655 esse
585 1604 725 1655 moturos.
768 1595 898 1655 Tandem
913 1595 1031 1654 silentio
1045 1594 1135 1671 laeto,
1150 1616 1211 1655 ms·

187 1690 233 1767 gis
246 1692 314 1770 quis
329 1692 348 1721 ¹⁰
359 1699 469 1750 motum
482 1711 545 1751 esse
559 1690 723 1765 eredebant,
738 1691 826 1769 qudm
841 1691 909 1770 quis
923 1691 980 1767 ipsi
1001 1692 1113 1749 moveri
1127 1700 1209 1770 pote
1278 1752 1279 1775 ,

188 1793 263 1861 rent,
277 1786 544 1865 quidnom¹sotnrus
554 1794 640 1861 esset,
652 1786 867 1863 exspectabant,
906 1786 972 1860 Ille,
995 1784 1103 1856 “Quid
1114 1788 1209 1862 haeo‚”

188 1881 293 1959 inquit,
315 1887 446 1961 “repens
470 1884 491 1911 ¹¹
503 1882 707 1955 oonsternstio,
733 1888 763 1939 et
787 1888 847 1939 tem
871 1900 978 1958 prooex
1000 1886 1088 1960 etque
1114 1883 1210 1941 effuse
1278 1874 1279 1929 Ῠ

187 1976 307 2036 lieentia
319 1977 496 2037 denunciat?
537 1977 646 2057 Eloqui
660 1978 768 2035 timeo:
789 1975 888 2053 psldm
910 1977 989 2034 oertd
1009 1977 1134 2055 rupistis
1157 1980 1208 2037 im·

188 2074 310 2150 perium,
325 2081 356 2131 et
370 2073 500 2151 precerid
521 2072 589 2133 Rex
603 2091 677 2145 sum,
699 2072 745 2130 oui
766 2091 822 2132 non
843 2071 1016 2151 alloquendi,
1038 2092 1097 2131 non
1113 2074 1207 2134 ¹²nos·
1278 2066 1279 2115 l

187 2166 273 2226 cendi
286 2168 488 2248 monendique,
501 2174 553 2227 eut
566 2166 700 2226 intuendi
712 2185 765 2227 vos
777 2168 826 2244 jus
840 2166 1010 2246 reliquistis.
1054 2167 1210 2247 Equidem

188 2265 253 2318 edm
266 2261 339 2320 elios
353 2261 502 2320 dimittere
515 2263 546 2320 in
559 2262 693 2340 petriam,
709 2261 782 2320 elios
796 2281 907 2319 meeum
921 2261 1009 2340 peuld
1022 2270 1090 2340 post
1104 2265 1205 2343 depor·
1278 2261 1279 2312 l

187 2363 250 2413 tore
264 2357 425 2432 statuerim,
438 2364 499 2414 tem
513 2356 579 2415 illos
600 2356 793 2416 eoelemuntes
815 2357 901 2416 video
925 2357 976 2435 qui
992 2356 1101 2416 abituri
1125 2368 1205 2434 sunt,
1278 2383 1279 2440 ξ

187 2452 275 2529 qudm
289 2451 342 2509 hos
356 2470 421 2508 eum
435 2451 541 2529 quibus
561 2453 727 2530 praemissos
748 2451 884 2530 subsequi
906 2453 1004 2511 stetui.
1048 2451 1129 2524 Quid
1150 2455 1206 2514 hoo

187 2553 232 2604 est
245 2546 310 2603 reil
352 2545 514 2623 Disperiin
528 2551 615 2605 osusd
628 2547 706 2606 idem
721 2556 766 2606 est
786 2548 914 2606 omnium
935 2547 1051 2607 elamor.
1099 2548 1119 2578 ¹⁸
1132 2551 1204 2609 Per·

186 2641 274 2701 velim
294 2640 376 2716 seire,
397 2645 495 2700 utrum
522 2642 574 2721 qui
594 2642 757 2718 discedunt,
778 2661 814 2699 en
833 2643 883 2721 qui
903 2643 1075 2718 retinentur,
1099 2643 1137 2703 de
1158 2665 1204 2704 me

186 2739 374 2818 queruntur.”
410 2749 415 2757 '

248 2838 274 2892 8.
298 2833 438 2894 Crederes
464 2853 523 2892 uno
550 2853 600 2894 ore
627 2851 726 2892 omnes
751 2832 904 2892 sustulisse
936 2832 1100 2892 elemorem.
1153 2835 1203 2894 Its

186 2931 297 3009 pariter
307 2951 344 2989 ex
359 2934 423 2989 tote
436 2930 571 2988 ooneione
584 2947 754 3006 responsum
764 2934 817 3002 est,
838 2927 977 2988 “Omnes
991 2929 1103 3006 queri.”
1126 2929 1202 2990 Tum
1278 2945 1279 2948 ’

186 3027 246 3099 ille,
268 3028 284 3058 “
298 3026 365 3084 Non
379 3025 527 3100 hereuld,’'
541 3025 645 3104 inquit,
667 3027 791 3101 “potest
804 3023 875 3097 fieri,
889 3030 925 3081 ut
947 3023 966 3052 ¹⁴
975 3024 1113 3100 nddueer,
1135 3046 1201 3105 que

186 3121 269 3178 rendi
288 3121 375 3178 simul
389 3122 522 3181 omnibus
535 3122 609 3180 hano
629 3140 745 3178 oausam
766 3139 829 3180 esse
849 3139 936 3198 quem
960 3120 1124 3196 ostenditis,
1142 3123 1161 3151 ¹⁶
1172 3123 1200 3181 in

185 3200 244 3294 qud
257 3217 351 3291 major
370 3235 438 3292 pers
452 3217 599 3274 exereitus
612 3235 670 3274 non
684 3223 745 3292 est;
767 3219 868 3292 utpote
893 3217 960 3274 olim
974 3215 1072 3294 plures
1087 3217 1202 3276 dimise·

184 3313 250 3385 rim,
270 3312 359 3389 qu‘am
382 3318 549 3370 retenturus
573 3331 645 3370 sum.
690 3311 797 3372 Subest
816 3311 951 3370 nimirum
971 3311 1060 3370 altius
1080 3314 1200 3388 melum,

184 3407 263 3487 quod
287 3425 387 3464 omnes
407 3406 512 3464 evertit
533 3424 550 3463 u
569 3427 623 3465 me.
667 3406 789 3477 Quando
810 3406 886 3464 enim
914 3406 1025 3485 Regem
1046 3409 1200 3470 universus
1278 3425 1279 3430 ’

185 3503 329 3562 exereitus
349 3500 504 3561 deseruit?
546 3501 593 3558 Ne
607 3503 685 3562 servi
705 3502 822 3581 quidem
843 3521 901 3559 uno
922 3521 1008 3580 grege
1027 3505 1200 3582 profugiunt

184 3600 331 3657 dominos:
353 3597 404 3657 sed
418 3595 594 3674 estquidam
608 3597 638 3654 in
661 3597 720 3656 illis
740 3598 835 3674 pudor
860 3617 877 3655 a
900 3599 1015 3656 eaeteris
1040 3599 1199 3660 destitutos

183 3693 395 3771 relinquendi.’'

242 3793 259 3820 “
272 3788 384 3846 Verum
399 3807 451 3866 ego
466 3794 525 3844 tem
539 3786 659 3846 furiosae
673 3788 915 3845 consternationis
929 3788 1048 3865 oblitus,
1069 3793 1200 3850 remedio

182 3881 392 3943 insanabilibus
406 3902 494 3942 eonor
508 3882 652 3942 adhibere.
697 3881 821 3942 Omnem
831 3882 949 3942 herould
964 3901 1044 3962 spem
1057 3905 1145 3965 quem
1161 3908 1199 3948 ex
1278 3951 1279 3956 ,
