2592 4400
417 407 540 449 ersus
574 389 746 447 rx'.·csr.
776 406 809 447 v.
1053 388 1112 447 229

97 547 184 607 venit
227 546 292 618 Quo
305 552 465 625 conspecto,
478 544 645 605 Alexander
662 518 793 623 jem-’nou
805 544 876 605 vitse
889 564 957 622 sues,
973 544 1023 603 sed
1036 564 1109 603 mor·

99 644 137 701 tis
150 643 288 702 solatium
302 642 499 719 supervenisse
518 648 606 716 retus,
621 641 721 719 clypeo
742 640 898 720 fatigatum
918 660 1019 718 corpus
1033 659 1112 699 exce·
1149 703 1152 707 ,

97 737 149 813 pit
206 736 294 797 Subit
326 735 394 793 inde
421 735 558 810 Timaeus,
585 742 615 793 et
646 735 734 813 paulo
769 742 835 812 post
864 734 1018 809 Leonetus,
1046 735 1113 793 huic

98 833 256 904 Aristonus
268 831 441 909 supervenit.
483 819 554 888 Indi
573 833 685 909 qudque
699 835 763 889 cum
783 831 860 888 intre
880 830 985 888 moenie
1005 830 1113 909 Regem

98 946 161 987 esse
182 926 395 1002 comperissent,
423 924 543 983 omissis
561 926 673 983 coeteris
694 924 764 984 illuc
789 930 1004 999 concurrerunt,
1032 944 1113 1002 urge·

97 1022 224 1100 bentque
237 1027 430 1098 protegentes
472 1019 521 1077 Ex
532 1020 637 1098 quibus
651 1020 778 1079 'l'imeeus
797 1018 899 1077 multis
919 1018 1040 1077 edverso
1054 1038 1113 1077 cor·

97 1135 169 1194 pore
194 1114 359 1174 vulneribus
391 1114 524 1190 acceptis,
556 1115 726 1193 egregieque
752 1113 835 1172 edite
868 1118 966 1193 pugne
1000 1113 1112 1174 cecidit

97 1212 256 1271 Peucestes
268 1214 383 1288 quoque
396 1209 491 1268 tribus
502 1210 608 1285 jaculis
621 1210 776 1283 confossus,
790 1228 848 1267 non
862 1228 892 1268 se
912 1216 1008 1267 temen
1022 1216 1113 1284 scuto,

98 1305 149 1365 sed
173 1305 283 1383 Regem
303 1304 444 1365 tuebatur.
487 1303 631 1362 Leonutus
645 1304 716 1363 dum
734 1304 818 1365 eride
832 1312 947 1363 ruentes
968 1303 1114 1363 Barbaros

98 1400 257 1475 submovet,
281 1399 393 1459 cervice
414 1400 543 1478 graviter
568 1400 637 1475 icto,
664 1400 839 1459 semianimis
865 1400 1019 1478 procubuit
1047 1406 1114 1457 ente

97 1495 191 1574 Regis
213 1494 307 1571 pedes
349 1494 419 1557 Jem
441 1501 471 1553 et
492 1494 648 1553 Peucestes
668 1494 836 1555 vulneribus
857 1495 998 1574 fatigatus
1023 1495 1040 1525 ¹⁸
1051 1495 1113 1554 sub

96 1591 221 1652 miseret
241 1589 381 1668 clypeum.
434 1590 472 1647 In
495 1590 634 1649 Aristono
657 1608 723 1667 spes
745 1591 850 1649 ultima
877 1590 1011 1652 haerebet.
1053 1590 1114 1651 Hic

95 1705 213 1765 quoque
234 1686 362 1763 graviter
386 1684 500 1743 saucius
523 1690 633 1742 tentem
646 1685 705 1745 vim
728 1684 856 1745 hostium
875 1686 953 1745 ultre
974 1686 1115 1745 sustinere

97 1800 155 1839 non
178 1787 301 1860 poterut.
352 1782 373 1809 ¹⁴
383 1780 466 1838 Inter
489 1779 551 1837 haeo
574 1779 612 1837 ad
625 1779 807 1855 Maccdonas,
835 1781 946 1859 Regem
967 1780 1114 1853 cecidisse,

96 1876 177 1934 famu
202 1874 312 1952 perlate
337 1882 389 1935 est
441 1875 460 1901 ¹⁵
471 1874 636 1933 Terruisset
663 1875 743 1949 elios,
770 1875 847 1953 quod
873 1875 939 1933 illos
967 1872 1112 1933 incitavit.

99 1970 233 2048 Namque
256 1970 379 2046 periculi
398 1970 488 2028 omnis
511 1970 699 2044 immemores,
721 1970 847 2029 dolabris
869 1970 1033 2048 perfregere
1054 1988 1114 2027 mu·

97 2086 173 2139 rum,
187 2071 227 2139 et,
240 2066 299 2142 qud
311 2064 406 2123 moliti
420 2071 503 2121 erent
524 2064 645 2139 editum,
660 2064 791 2142 irrupere
805 2064 834 2121 in
847 2064 956 2138 urbem,
971 2063 1115 2141 Indosque

98 2160 197 2240 plures
229 2160 383 2238 fugientes,
410 2162 498 2239 quum
524 2159 662 2239 congredi
696 2178 789 2235 susos,
817 2160 990 2222 ceciderunt.
1047 2158 1115 2218 Non

100 2255 227 2328 senibus,
240 2273 297 2311 non
310 2254 445 2329 foeminis,
458 2273 515 2312 non
528 2254 689 2314 infantibus
702 2255 838 2332 parcitur,
868 2254 1004 2334 Quisquis
1019 2273 1114 2313 occur·

99 2358 189 2424 reret,
204 2349 240 2409 eb
262 2350 313 2407 illo
327 2350 507 2408 vulneratum
522 2351 633 2428 Regem
657 2369 720 2409 esse
742 2351 902 2411 credebant.
946 2351 964 2379 ¹⁸
975 2351 1114 2410 Tandem-

99 2466 156 2525 que
177 2444 371 2502 internecione
392 2444 519 2502 hostium
541 2446 631 2520 justae
654 2445 707 2504 irne
725 2453 910 2523 parentatum
924 2453 976 2507 est.
1018 2447 1115 2506 Ptole·

100 2561 215 2614 meeum,
236 2540 286 2618 qui
307 2547 411 2616 posteo
436 2541 577 2618 regnavit,
604 2540 672 2599 lruic
691 2561 795 2620 pugneo
809 2543 925 2601 affuisse
945 2550 1044 2601 suctor
1072 2549 1115 2600 est

102 2636 280 2709 Clitarchus,
306 2642 337 2692 et
364 2635 541 2714 Timagenes
594 2635 653 2696 Sed
679 2637 741 2714 ipse
766 2638 906 2696 Hscilicet
928 2639 1028 2717 glories
1056 2657 1115 2696 suee

100 2751 157 2790 non
185 2731 357 2808 refragatus,
385 2729 511 2789 obfuisse
539 2750 579 2805 se,
607 2732 726 2790 missum
754 2732 785 2790 in
813 2733 1031 2809 expeditionem,
1059 2751 1115 2789 me·

99 2826 202 2886 moriae
223 2825 363 2884 tradidit:
394 2832 475 2883 tenta
501 2827 730 2903 componentium
757 2833 871 2887 vetuste
897 2847 992 2886 rerum
1018 2845 1115 2884 monu-

99 2928 197 2981 menta
210 2919 256 2979 vel
271 2920 289 2947 ¹⁸
299 2920 447 2994 securitas,
461 2921 517 2994 vel,
533 2923 551 2950 ¹⁹
559 2942 612 2998 per
625 2921 693 2980 huic
706 2921 819 2996 vitium,
840 2921 997 2980 credulitas
1010 2921 1085 2979 fuitl

144 3020 189 3076 18.
211 3016 292 3094 Rege
314 3016 344 3072 in
366 3015 550 3075 tabernaculo
571 3017 672 3092 teleto,
693 3016 926 3096 medioilignum
947 3015 1038 3076 hestae
1057 3034 1116 3075 cor·

99 3110 164 3189 pori
177 3110 305 3185 infixum,
320 3111 391 3169 ²⁰its
409 3130 446 3169 ne
470 3111 610 3186 spiculum
631 3120 803 3186 moveretur,
828 3111 1005 3172 abscindunt.
1049 3112 1116 3174 (lor-

100 3225 169 3284 pore
183 3205 252 3263 dein
259 3205 378 3280 nudato,
387 3206 621 3265 animadvertunt
633 3208 733 3266 hamos
744 3209 835 3266 inesse
849 3205 917 3284 telo,
928 3227 981 3268 nec
991 3209 1077 3268 eliter
1086 3207 1117 3267 id

100 3302 162 3360 sine
183 3300 309 3379 pernicie
330 3302 457 3378 corporis
470 3302 585 3360 extrahi
606 3321 699 3379 posse,
713 3305 800 3381 quem
822 3311 856 3362 ut
876 3305 998 3363 secando
1011 3305 1117 3363 vulnus

100 3403 245 3476 sugerent
288 3397 308 3423 ²¹
320 3395 474 3471 (lectorum,
487 3416 524 3454 ne
537 3405 667 3456 secantes
687 3399 858 3475 profluvium
877 3399 1023 3477 sanguinis
1036 3416 1116 3456 occu·

100 3503 190 3574 paret,
204 3494 396 3556 verebantur:
416 3495 521 3573 quippe
534 3495 635 3573 ingens
647 3494 740 3554 telum
753 3496 888 3554 eductum
901 3501 971 3568 erat,
992 3500 1022 3550 et
1034 3511 1117 3569 pene·

100 3598 193 3651 trisse
218 3589 250 3648 in
273 3589 383 3648 viscere
403 3589 562 3650 videbatur.
613 3588 780 3650 Critobulus
801 3589 877 3646 inter
897 3588 1022 3646 medicos
1044 3585 1117 3644 ortis

100 3684 410 3760 eximiae,sedintunto
418 3685 547 3762 periculo
555 3685 684 3760 territus,
693 3681 1115 3756 monusedmoveremetuebet,

98 3785 156 3843 ¹²ne
168 3784 201 3842 in
209 3779 305 3861 ipsius
312 3787 398 3857 ceput
410 3799 513 3857 perum
522 3797 666 3857 prosperae
676 3778 831 3838 curationis
838 3777 978 3836 recideret
986 3783 1115 3836 eventus.
