2592 4400
201 414 259 475 172
547 430 689 483 onum
715 428 856 473 ousrrr
949 486 953 495 ·

197 570 349 631 auxilium.
391 566 468 629 Haeo
493 568 591 628 omnia
612 568 671 629 sita
697 569 824 629 suntin
850 568 938 627 aditis
965 566 1098 643 oollibns,
1125 566 1207 627 ⁴tum

198 666 280 725 velut
293 664 378 723 froeni
391 664 565 723 domitarum
579 664 726 744 gentium,
748 682 826 723 nuno
834 663 954 743 originis
964 683 1027 723 suae
1041 664 1134 723 oblita
1154 682 1208 722 ser·

197 761 283 819 siant
295 758 402 837 quibus
416 759 637 835 imperaverunt

260 854 320 913 XI.
342 857 389 913 39.
412 853 455 913 Et
477 861 583 913 ooetera
603 852 721 933 quidem
742 860 895 931 pacaverat
922 853 997 911 Rex„
1054 854 1123 913 Una
1151 860 1211 911 erat

199 949 299 1023 Petra,
314 967 402 1027 quam
414 948 566 1007 Arimazes
580 947 745 1025 Sogdianus
759 966 826 1007 oum
839 948 961 1026 triginta
975 948 1108 1008 millibus
1122 968 1211 1006 arma·

197 1054 295 1103 torum
308 1043 468 1116 obtinebat,
482 1042 630 1101 alimentis
655 1042 722 1101 ante
744 1044 898 1121 nongentis,
912 1062 977 1121 quae
1002 1050 1094 1102 tantae
1114 1042 1211 1101 multi·

198 1140 295 1199 tudini
307 1139 355 1199 rol
377 1158 431 1216 per
442 1138 592 1198 biennium
605 1144 800 1215 suppeterent
844 1137 935 1196 Petra
950 1139 958 1167 ¹
970 1138 1001 1197 in
1022 1138 1211 1197 altitudinem

198 1235 321 1313 triginta
333 1236 442 1292 eminet
463 1232 567 1306 stadia,
582 1233 707 1291 oirouitu
729 1240 845 1291 eentum
858 1241 888 1290 et
906 1232 1119 1311 quinquaginta
1139 1252 1212 1291 eom·

197 1328 346 1405 plectitur.
388 1326 527 1403 Undique
555 1326 683 1385 abaoissa
708 1333 738 1384 et
761 1325 885 1404 abrupta
907 1326 1014 1385 semita
1034 1328 1212 1405 perangusta

198 1420 305 1481 aditur.
348 1420 387 1479 In
399 1420 496 1479 medio
509 1420 675 1480 altitudinis
697 1420 791 1498 spatio
812 1420 901 1479 habet
922 1440 1047 1497 spanum,
1062 1422 1151 1497 enjus
1165 1420 1213 1479 'os

198 1524 310 1575 aretum
323 1523 354 1574 et
374 1515 529 1575 obsourum
550 1523 613 1591 eat,
635 1515 780 1593 paulatim
802 1515 909 1574 deinde
928 1515 1071 1575 ulteriora
1083 1517 1213 1593 pandun-

198 1618 255 1669 tur.
298 1609 413 1670 Ultima
433 1610 523 1669 etiam
544 1611 621 1669 altos
640 1628 770 1669 reoeaans
793 1610 919 1669 habent:
941 1611 1037 1669 fontes
1051 1630 1104 1688 per
1119 1619 1214 1670 totum

197 1704 260 1765 ferd
286 1724 403 1783 spanum
436 1712 570 1781 manant,
606 1726 622 1765 e
648 1704 755 1785 quibus
783 1704 897 1765 oollatae
924 1725 1008 1784 squas
1042 1724 1094 1783 per
1124 1726 1215 1784 prona

198 1802 305 1861 montis
319 1801 427 1860 flumen
448 1801 595 1861 emittunt.
638 1800 714 1875 Rex,
730 1801 786 1859 looi
809 1800 980 1859 diffioultote
1001 1807 1146 1878 speetatt,
1161 1811 1214 1860 sta-

198 1904 296 1955 tuerat
320 1895 387 1954 inde
410 1896 509 1955 abire:
540 1896 646 1973 cupido
671 1895 776 1954 deinde
802 1896 921 1955 incessit
948 1896 1053 1972 animo,
1077 1906 1214 1957 naturam

197 2010 313 2071 quoque
335 1990 486 2070 fatigandi.
530 1990 622 2049 Prius
644 1997 742 2049 tamen
765 1992 861 2069 qudna
876 1992 1023 2050 fortunam
1051 1991 1213 2052 obsidionis

199 2087 390 2165 experiretur,
406 2085 526 2163 (lophan
540 2085 694 2161 (Artabani
718 2084 766 2144 hio
789 2086 867 2145 lilius
892 2090 966 2163 erat)
981 2087 1063 2144 misit
1083 2088 1123 2145 ad
1145 2088 1213 2147 Bar·

198 2184 293 2258 baros,
320 2182 372 2260 qui
403 2182 539 2242 suaderet
568 2189 603 2241 ut
630 2180 773 2241 dederont
792 2202 900 2260 rupem.
956 2182 1120 2259 Arimazes,
1150 2184 1214 2244 loeo

199 2279 301 2350 fretus,
315 2276 439 2353 superbd
454 2277 547 2334 multa
559 2276 719 2354 respondit.
762 2277 812 2335 Ad
833 2277 977 2352 ultimum,
992 2297 1028 2335 an
1042 2278 1214 2339 Alexander

200 2371 297 2432 volare
314 2372 416 2448 possit,
429 2371 600 2450 interrogat.
642 2370 726 2445 Quae,
741 2372 975 2449 nunoiata'Regi,
991 2373 1033 2432 sio
1054 2376 1213 2434 aooendtre

198 2467 335 2544 animum,
349 2474 384 2523 nt
397 2465 538 2526 adhibitis
551 2485 617 2524 oum
638 2467 745 2545 quibus
769 2466 931 2526 consultare
956 2473 1020 2524 erat
1035 2468 1152 2545 solitus,
1173 2471 1211 2528 in·

198 2563 310 2620 dicaret
323 2561 506 2620 insolentiam
519 2560 645 2622 Barbari
665 2561 816 2620 illudentis
837 2562 923 2638 ipsos,
938 2563 1008 2640 quia
1028 2562 1135 2641 pinnas
1156 2583 1212 2624 non
1274 2555 1275 2618 l

200 2657 345 2715 baberent
388 2656 427 2716 Se
448 2664 544 2715 autem
566 2656 701 2733 proxime
715 2663 799 2714 noete
823 2657 1003 2731 effeeturum,
1018 2666 1053 2715 ut
1066 2659 1211 2733 erederet,

201 2751 375 2810 Macedonas
400 2753 488 2810 etiam
514 2751 621 2810 volare.
652 2751 864 2826 “Timentes’'
894 2753 997 2831 inquit,
1025 2752 1212 2832 '“pernioia

199 2848 288 2906 simos
304 2849 427 2924 juvenes
447 2865 485 2904 ex
507 2847 569 2904 auia
590 2846 713 2925 quisque
741 2847 831 2923 oopiis
851 2847 1002 2923 perduoite
1025 2847 1063 2905 ad
1087 2867 1143 2924 me,
1162 2848 1212 2930 qui

195 2961 250 3018 per
275 2942 373 3016 ealles,
399 2948 430 3000 et
455 2943 529 3020 pand
557 2941 651 3000 invias
677 2959 772 3018 rupes,
796 2941 875 2998 domi
902 2960 1006 3018 peoora
1034 2961 1122 3020 ogere
1149 2963 1210 3002 oon·

199 3038 373 3095 suaserint.’'

258 3132 304 3188 40.
328 3130 381 3189 Illi
403 3137 576 3206 praestantes
599 3137 630 3188 et
651 3129 771 3189 levitate
795 3149 946 3208 corporum
969 3139 1000 3190 et
1023 3131 1128 3192 ardore
1156 3134 1210 3192 ani·

197 3244 319 3301 morum,
332 3227 449 3284 strenae
471 3225 639 3301 adduouut3
662 3245 733 3304 quos
757 3227 871 3286 intuens
892 3227 967 3301 Rex,
992 3231 1009 3260 “
1023 3225 1210 3302 Vobisonm,'’

198 3322 300 3398 inquit,
316 3319 369 3381 “0
392 3323 522 3398 juvenes,
537 3328 568 3380 et
581 3321 639 3379 mei
660 3322 795 3400 aequales,
817 3323 933 3382 urbium
954 3322 1129 3381 inviotarum
1143 3325 1209 3382 onte

197 3417 376 3475 munimenta
403 3417 555 3494 superavi:
590 3417 730 3474 montium
763 3419 834 3496 juge
868 3417 986 3494 perenni
1014 3418 1079 3476 nive
1107 3418 1212 3478 obruta
1274 3485 1275 3492 ἵ

198 3530 331 3572 emensus
353 3528 435 3569 sum:
457 3513 606 3588 angustias
631 3511 744 3572 (lilieiae
765 3515 891 3571 intrari:
924 3511 1019 3571 Indiae
1045 3512 1107 3570 sine
1131 3513 1211 3572 lassi·

197 3609 300 3666 tudine
326 3606 388 3666 rim
414 3605 531 3685 frigoris
559 3626 622 3666 sum
648 3625 810 3685 perpessus.
868 3607 910 3665 Et
936 3608 1016 3665 ⁴mei
1038 3607 1213 3666 donumonts

197 3705 280 3761 vobis
308 3703 383 3779 dedi,
410 3710 442 3760 et
467 3705 568 3761 vestri.
588 3702 687 3761 habeo.
743 3703 840 3777 Petra,
867 3723 954 3780 quem
977 3703 1093 3777 videtis,
1121 3723 1211 3762 unum
1274 3757 1275 3760 ,

196 3798 310 3855 aditum
343 3797 442 3870 habet,
469 3816 555 3874 quem
586 3796 709 3856 Barbari
736 3797 879 3870 obsident,
913 3803 1020 3856 caetera
1047 3797 1209 3874 negligunt

198 3891 298 3948 Nullae
310 3891 419 3969 vigiliae
442 3897 520 3963 sunt,
534 3891 591 3948 nisi
612 3910 679 3968 quae
700 3897 796 3954 eastra
819 3899 918 3950 nostra
940 3899 1078 3968 spectant
1123 3893 1210 3953 Inve-
