2592 4400
217 103 244 138 A

161 356 216 415 108
507 365 654 417 eorm
681 370 823 412 curura

155 518 341 583 momentum,
354 508 477 587 pavidos
500 510 531 569 in
544 511 643 588 fugam
658 510 772 569 avortit
816 510 927 569 Bessus
940 514 1010 570 verd
1025 520 1057 570 et
1077 512 1184 571 caeteri

155 607 294 668 facinoris
317 608 382 683 ejus
405 605 571 683 participes,
586 606 751 665 vehiculum
777 606 860 665 Darii
869 607 1010 685 διιιιιιιοιιιί,
1025 614 1185 684 eoepernnt

70 700 268 773 sooehortari
282 720 359 775 enm,
376 700 610 759 “conscenderet
622 720 737 779 equam
753 708 783 759 et
797 718 827 759 se
841 700 919 759 hosti
934 702 1004 780 fuga
1020 704 1185 780 eriperet.”
1274 766 1275 777 ,

158 796 216 857 Ille
240 796 319 855 Deos
340 795 453 855 ultores
475 795 577 854 adesse
598 802 734 869 testatur,
756 802 787 854 et
807 796 970 855 Alexandri
992 798 1101 855 'fidem
1127 799 1174 855 im
1274 796 1275 819 ³

156 892 283 972 plorans,
307 899 395 969 negat
416 910 447 949 se
469 890 631 968 parricidas
653 890 729 950 velle
755 890 896 951 comitari
941 892 1017 949 Tum
1038 896 1110 951 vero
1133 895 1185 952 ira
1274 954 1275 981 ,

156 1006 271 1081 quoquc
284 986 406 1060 accensi,
422 985 482 1045 tela
494 985 630 1062 injiciunt
643 986 674 1043 in
690 984 809 1065 Regem,
831 986 989 1064 multisque
1009 988 1185 1047 confossum

156 1082 327 1145 vulneribus
349 1081 526 1159 relinquunt.
569 1079 713 1139 Jumeata
734 1100 858 1159 quoqne,
878 1100 915 1139 ne
937 1080 1055 1159 longirls
1079 1102 1186 1160 prose·
1274 1090 1275 1101 *

55 1183 69 1224 s
81 1159 209 1260 ⁰⁰(qui
222 1184 351 1258 possent,
364 1175 591 1251 convulnerant;
614 1175 729 1235 dnobus
751 1176 852 1253 servis,
867 1176 917 1255 qui
932 1176 1045 1255 Regem
1059 1180 1185 1237 comita·
1274 1160 1275 1177 ¹

157 1276 265 1337 bantur
279 1272 391 1333 occisis.
1274 1334 1275 1337 ,

219 1372 266 1427 36.
289 1367 356 1426 Hoc
388 1366 469 1425 edito
501 1366 637 1442 facinore,
665 1372 700 1425 ut
728 1366 852 1445 vestigia
885 1368 963 1445 fugae
997 1378 1185 1446 spargerent,

158 1464 347 1541 Nabarzanes
362 1461 551 1539 Hyrcaniam,
567 1461 676 1520 Bessus
693 1460 810 1537 Bactra,
832 1463 931 1539 paucis
946 1464 1077 1541 equitum
1091 1467 1186 1523 comi·

159 1558 300 1635 tantibns,
312 1556 456 1635 petebant
499 1557 625 1617 Barbari
647 1556 771 1617 ducibus
794 1556 939 1631 destituti,
960 1559 1021 1637 qna
1033 1578 1185 1639 quemque
1274 1608 1275 1643 ζ

74 1657 213 1713 lentant
234 1672 300 1730 spes
323 1650 457 1724 docebat,
476 1658 529 1709 ant
549 1670 647 1729 pavor,
663 1650 888 1729 dissipabantur.
931 1650 1091 1731 Quingenti
1115 1660 1183 1711 tan-

160 1750 227 1807 tom
240 1747 352 1827 equites
365 1753 614 1825 congregaverant
627 1765 669 1820 se,
684 1726 906 1821 incertiiadhue,
920 1746 1058 1806 resistere
1073 1750 1185 1809 melius
1216 1802 1219 1806 .
1274 1760 1275 1823 j

160 1850 246 1918 esset,
261 1864 298 1902 au
310 1844 419 1923 fugere.
462 1841 640 1915 Alexander,
656 1842 784 1900 hostium
804 1842 998 1919 trepidatione
1018 1850 1183 1921 comperte,
1274 1906 1275 1915 ,

161 1940 337 2006 Nicanorem
359 1958 425 1997 cum
446 1938 576 2017 equitum
598 1944 681 2015 parte
704 1936 742 1997 ad
772 1937 958 2017 inhibendam
982 1939 1082 2018 fugam
1106 1960 1184 2017 prae·

160 2036 259 2095 mittit.
302 2034 372 2111 lpse
393 2052 458 2091 enm
480 2033 594 2090 caeteria
616 2032 764 2110 sequitur:
786 2033 844 2090 tria
866 2032 957 2093 ferme
980 2032 1075 2091 millia
1095 2035 1183 2093 resis—
1274 2022 1275 2039 ³

81 2127 288 2191 st‘i‘tentium
301 2130 396 2187 occisa
409 2135 496 2187 sunt:
517 2127 660 2207 reliquum
675 2146 776 2206 agmen
791 2144 869 2187 mere
883 2128 1025 2206 peendum
1037 2129 1182 2187 intactum
1274 2114 1275 2151 ³

162 2224 310 2301 agebatur,
331 2223 454 2299 jubente
481 2222 572 2300 Rege,
601 2229 636 2280 nt
663 2221 792 2280 caedibus
821 2223 1026 2282 abstineretur.
1084 2222 1183 2282 Nem'e

162 2317 342 2394 captivorum
370 2323 442 2390 erat,
469 2317 521 2398 qni
553 2323 717 2375 monstrare
753 2315 837 2374 Darii
865 2317 1028 2376 vehiculum
1059 2325 1182 2395 posset:
1274 2339 1275 2384 ι

162 2410 279 2488 singuli,
304 2418 338 2470 nt
361 2429 484 2489 quareque
506 2410 729 2490 prehenderunt,
753 2411 977 2471 scrutabantur:
1008 2431 1061 2470 nec
1082 2420 1183 2471 tamen
1274 2451 1275 2482 ,

162 2507 257 2568 ullum
270 2507 426 2583 vestigium
440 2507 519 2585 lagae
539 2506 632 2584 Regis
653 2506 794 2567 exstabat.
838 2506 1037 2566 Festinantem
1052 2508 1183 2566 Alexan·
1274 2543 1275 2572 2

80 2599 249 2662 s⁴20dmm
276 2602 327 2661 vix
353 2602 412 2661 tria
437 2601 531 2660 millia
557 2599 688 2681 equitiim
715 2609 868 2680 persecuta
891 2610 967 2661 sunt.
1010 2601 1055 2660 At
1079 2603 1109 2660 in
1131 2623 1182 2661 eos

162 2699 215 2779 qni
228 2698 339 2779 lentius
353 2697 549 2777 sequebantur
563 2697 733 2757 incidebant
751 2699 887 2756 universa
900 2697 1074 2777 fugientium
1090 2701 1180 2776 agmi-

163 2815 208 2855 na
252 2794 314 2854 Vix
336 2793 472 2854 credibile
492 2794 583 2868 dictu,
597 2793 698 2870 plures
720 2793 838 2870 captivi,
859 2795 948 2873 quim
969 2794 1020 2872 qni
1043 2801 1183 2872 caperent

164 2898 266 2958 eraut:
288 2890 382 2948 'oded
406 2907 531 3000 emnenp
542 2907 659 2947 sensnm
681 2888 793 2948 territis
816 2890 934 2947 fortuna
947 2889 1066 2966 penitals
1080 2908 1183 2948 excns·

165 2991 253 3058 serat,
275 2989 309 3041 ut
338 3003 392 3042 neo
418 2983 553 3058 hostium
568 2983 753 3059 paucitatem,
783 3001 835 3042 nec
858 2983 1075 3041 multitudinem
1098 3001 1180 3041 suam

87 3067 238 3140 uniatis
261 3083 417 3136 cernerent
473 3077 600 3136 Interim
623 3071 757 3154 jumenta
783 3097 849 3156 quae
873 3076 995 3135 Darium
1025 3077 1181 3151 vehebant,

165 3172 245 3232 nulle
270 3178 396 3248 regente,
420 3171 604 3230 decesserant
625 3171 747 3230 militari
768 3172 826 3246 via,
850 3177 880 3230 et
900 3191 997 3231 errore
1018 3172 1115 3230 delata
1129 3193 1183 3249 per
1218 3163 1228 3182 ⁸

165 3273 291 3349 quatuor
313 3265 417 3339 stadia,
432 3266 463 3323 in
483 3265 611 3345 quadam
623 3265 700 3326 valle
719 3267 921 3340 constiterant,
938 3274 1014 3325 aestu
1036 3265 1183 3345 simulque

155 3361 335 3447 ,vulneribus
356 3361 487 3439 fatigata
531 3360 623 3419 Hand
644 3361 747 3439 procul
768 3368 832 3420 erat
851 3362 924 3434 fons,
940 3361 976 3420 ad
997 3381 1082 3440 quem
1104 3380 1182 3419 mon·

167 3465 291 3518 stratum
313 3457 446 3534 aperitis
460 3446 648 3534 Polpstratns
664 3457 786 3516 Macedo
800 3456 849 3515 siti
864 3463 1025 3517 maceratus
1048 3456 1181 3514 accessit.

86 3558 150 3616 sot
160 3555 215 3614 aa
229 3555 301 3614 dhm
314 3553 400 3632 galet
413 3553 548 3612 haustam
569 3572 674 3632 aquam
696 3552 803 3626 sorbet,
818 3551 877 3610 tela
894 3553 1093 3627 jumentorum
1117 3551 1183 3609 defi·

170 3649 310 3710 cientium
330 3648 499 3726 corporibus
521 3648 609 3707 infixa
630 3647 789 3722 conspexit.
841 3645 1025 3724 Miratusque
1052 3646 1185 3704 confossa

170 3745 280 3822 potiris,
294 3747 384 3823 qnam
397 3743 500 3803 abacta
513 3763 590 3817 esse,
600 3744 610 3771 ⁸
619 3741 753 3801 semivivi

767 3834 886 3902 [hominis
902 3851 1001 3902 eorpus,
1013 3837 1071 3884 edm
1081 3833 1187 3902 propia·
1257 3871 1260 3880 ι

170 3917 324 3980 wcessisset,
334 3918 363 3969 iu
380 3917 485 3970 sordido
496 3916 613 3967 vehiculo
624 3914 734 3993 pellibus
752 3921 867 3966 mutante
884 3915 961 3966 situm
979 3915 1088 3981 reperit:
1107 3929 1185 3984 atque
