2592 4400
183 351 222 406 24
531 365 669 414 onrnrr
696 365 836 406 consu

184 511 335 584 pugnatas,
359 503 468 562 foedera
487 502 605 562 humani
627 503 774 583 divinique
795 505 871 582 juris
889 506 1018 566 violata'’
1037 506 1192 568 referebat

126 611 155 646 J
185 599 306 676 Illyrios
320 600 388 658 verb
402 606 432 657 et
447 598 583 674 Thracas,
595 607 678 677 rapto
692 601 788 659 vivere
801 609 939 685 assuetos,
951 603 1040 660 aciem
1054 602 1194 677 hostium,

98 697 255 760 dmum
275 698 460 774 purpuraque
480 695 639 772 fulgentem
663 695 771 754 intueri
793 697 923 772 jubebat,
950 697 1114 774 ¹⁰praedam,
1135 717 1196 756 non

120 791 136 810 ”
149 855 160 872 ¹,
186 809 266 848 arma
286 797 453 868 gestantem.
496 791 587 863 Irent,
603 799 632 848 et
654 789 819 849 imbellibus
841 792 966 850 fcsminis
988 813 1091 850 aurum
1103 795 1125 856 ‚¹¹
1135 793 1194 852 viri
1219 825 1232 844 ·

136 875 147 945 'f
186 886 336 962 eriperent
379 886 494 964 Aspera
507 887 647 944 montium
665 905 782 944 suorum
800 888 880 964 juga,
894 887 1044 965 nudosque
1058 888 1146 946 colles
1162 896 1197 946 et

186 989 325 1058 perpetuo
354 982 481 1059 rigentes
508 981 585 1060 gelu,
611 980 721 1039 ditibus
745 980 903 1040 Persarum
926 984 1034 1059 campis
1058 984 1197 1062 agrisque

116 1112 149 1164 ‘ae
187 1077 207 1104 ¹⁹
217 1083 371 1136 mutarent.
815 1066 863 1153 td(

123 1193 179 1246 ιη
245 1172 304 1232 ΧΙ.
328 1177 374 1230 25.
398 1171 420 1230 J
422 1191 468 1229 am
483 1173 491 1200 ¹
504 1171 540 1230 ad
555 1171 607 1230 teli
618 1173 728 1248 jactum
742 1178 938 1248 pervenerant,
953 1175 1020 1230 urim
1035 1173 1197 1232 Persarum

187 1269 300 1347 equites
309 1268 444 1326 ferociter
453 1267 483 1325 in
491 1267 597 1326 laevum
606 1287 696 1326 cornu
704 1267 830 1325 hostium
838 1268 945 1326 invecti
954 1277 1028 1327 sunt.
1060 1269 1197 1346 ‘Quippe

121 1417 128 1424 .
189 1365 298 1424 Darius
313 1362 441 1441 equestri
455 1361 555 1438 praelio
570 1362 723 1420 decernere
735 1362 863 1439 optabat,
877 1363 1046 1440 phalangem
1062 1364 1196 1422 Macedo-

187 1459 245 1517 niei
259 1459 404 1517 exercitiis
418 1458 506 1516 robur
520 1476 581 1515 esse
596 1459 769 1534 conjectans.
812 1457 938 1535 Jamque
958 1459 1044 1516 etiam
1059 1459 1198 1517 dextrum

189 1551 354 1613 Alexandri
368 1573 457 1612 cornu
474 1552 695 1612 circumibatur:
716 1552 794 1631 quod
816 1553 868 1610 ubi
891 1553 1012 1612 Macedo
1034 1555 1197 1632 conspexit,

102 1649 181 1714 69(
189 1652 199 1679 ⁸
209 1651 321 1709 duabus
336 1649 390 1708 alis
405 1649 534 1728 equitum
550 1649 586 1706 ad
598 1651 701 1725 jugum
714 1649 821 1706 montis
832 1650 921 1726 jussis
935 1650 1102 1736 Qel'e,
1113 1658 1196 1710 caete·

189 1735 283 1806 resin
298 1745 426 1803 medium
447 1744 518 1804 belli
540 1744 694 1804 discrimen
717 1746 832 1802 strenue
848 1745 993 1802 transfert.
1036 1745 1197 1805 Subductis

190 1841 295 1900 deinde
311 1861 347 1899 ex
361 1841 421 1898 acie
444 1839 593 1898 Thessalis
617 1840 770 1918 equitibus.
814 1840 990 1898 Praefectum
1013 1859 1112 1898 eorum
1131 1842 1196 1900 ‘oc-

189 1939 266 1996 culte
279 1937 430 1996 circumire
441 1943 553 2012 tergum
565 1945 682 1994 tuorum
694 1936 787 2012 jubet,
800 1935 1038 2014 Parmenionique
1049 1937 1196 2015 conjungi,

89 2067 125 2111 „r
189 2041 218 2092 et
235 2019 318 2111 'quod
341 2033 367 2090 is
389 2033 567 2108 impertsset,
582 2031 705 2107 impigre
727 2030 837 2108 exequi.
880 2030 1006 2108 Jamque
1027 2031 1083 2107 ipsi
1096 2032 1126 2089 in
1139 2051 1196 2089 me·

119 2125 269 2205 qudiam
284 2127 441 2185 Persarum
455 2127 582 2205 undique
597 2126 763 2183 circumfusi
777 2125 891 2203 egregie
905 2145 936 2184 se
950 2127 1122 2185 tuebantur:
1143 2125 1196 2185 sed

80 2286 85 2293 ,
144 2213 160 2228 ”
189 2224 325 2297 conserti,
338 2230 368 2281 et
382 2223 465 2300 qnasi
479 2222 665 2295 cohaerentes,
677 2221 738 2279 tela
750 2222 863 2280 vibrare
877 2240 933 2279 non
948 2230 1089 2299 poterant.
1133 2223 1194 2282 ‘Si
1257 2230 1261 2235 '

70 2398 73 2405 Ι
94 2324 124 2417 j
189 2320 250 2378 mul
265 2326 350 2389 erant
368 2318 479 2391 emissa,
495 2318 545 2375 ‘in
559 2317 675 2375 eosdem
688 2318 889 2375 concurrentia
912 2317 1143 2394 implicabantur,
1157 2318 1193 2377 le·

190 2416 275 2495 vique
291 2424 320 2473 et
334 2433 408 2471 rano
422 2413 483 2471 ictu
497 2433 588 2490 pauca
607 2414 637 2470 in
659 2413 779 2487 hostem,
794 2413 880 2490 plura
892 2413 923 2470 in
937 2414 1055 2471 humum
1078 2414 1195 2472 innoxia

190 2511 340 2570 cadebant.
385 2508 463 2585 Ergo
488 2508 619 2567 cominds
639 2528 765 2586 pugnum
789 2508 881 2567 coacti
905 2528 956 2567 con
993 2528 1062 2583 ure,
1083 2510 1195 2587 gladios

8 2666 12 2673 ,
116 2602 186 2669 ὑφ’
190 2607 312 2684 impigre
327 2605 481 2682 stringunt.
526 2604 600 2661 Tum
615 2606 684 2685 verb
705 2604 831 2661 multrim
853 2605 1000 2681 sanguinis
1020 2605 1118 2663 fusum
1132 2613 1194 2663 est:

191 2700 256 2759 duae
280 2701 385 2779 quippe
408 2700 483 2757 acies
507 2698 549 2756 ita
573 2698 764 2773 cohaerebant,
779 2705 813 2755 ut
826 2699 913 2756 armis
938 2693 1016 2757 arma
1037 2684 1206 2777 pulsarent,

191 2798 361 2856 ’mucrones
377 2794 406 2852 in
422 2814 471 2852 cra
493 2794 670 2871 dirigerent:
692 2812 748 2850 non
762 2794 875 2868 timido,
889 2812 946 2851 non
954 2794 1062 2873 ignavo
1084 2814 1196 2853 cessare

193 2893 369 2974 tumlieuit:
392 2890 514 2948 ‘collato
529 2889 610 2966 pede,
625 2889 709 2966 quasi
723 2889 829 2966 singuli
843 2890 917 2947 inter
931 2908 962 2948 se
976 2890 1155 2963 dimicarent,
1166 2891 1198 2947 in

195 2987 295 3045 eodem
309 2986 432 3062 vestigio
455 2985 579 3057 stabant,
595 2984 686 3042 donee
703 2984 844 3042 vincendo
865 2984 960 3042 locum
983 2985 1038 3044 sibi
1060 2986 1196 3045 facerent.

132 3072 267 3143 tronum
282 3082 397 3139 demum
411 3100 479 3159 ergo
494 3080 701 3157 promovebant
714 3079 843 3158 gadum,
859 3082 926 3137 edm
947 3080 1059 3138 hostem
1073 3089 1197 3157 prostra-

191 3184 300 3237 verant.
344 3178 388 3234 At
402 3176 468 3233 illos
482 3192 574 3233 novus
589 3174 752 3250 excipiebat
772 3175 955 3233 adversarius
968 3158 1123 3254 latigatos:
1144 3196 1199 3235 nee
1228 3181 1234 3193 ⁸

191 3271 344 3345 vulnerati,
359 3278 393 3328 ut
408 3270 481 3328 alias
503 3268 604 3344 solent,
620 3270 681 3327 acie
701 3277 836 3347 poterant
856 3271 1004 3345 excedere,
1018 3273 1085 3329 crim
1105 3263 1199 3330 hbstis

191 3367 316 3427 instaret
330 3386 347 3423 a
361 3366 464 3439 fronte,
479 3386 496 3423 a
509 3372 591 3443 tergo
606 3366 652 3423 sui
666 3372 808 3443 urgerent.
954 3429 961 3438 ,

251 3465 297 3521 26.
330 3460 504 3535 Alexander,
536 3480 593 3518 non
619 3460 699 3518 ducis
725 3460 816 3538 magis
838 3460 925 3537 qulam
951 3460 1055 3518 militis
1081 3466 1201 3519 mnner'a

9 3563 12 3612 ἲ
115 3550 412 3635 Cssexsequebatur3
435 3556 581 3631 ”opimum
605 3555 693 3613 decus
706 3574 779 3614 caeso
800 3556 881 3633 Rege
902 3563 1045 3631 expetens.
1087 3554 1200 3633 Quippe

192 3652 297 3711 Darius
310 3670 394 3709 curru
407 3650 536 3709 sublimis
549 3650 701 3724 eminebat,
716 3657 746 3707 et
761 3650 820 3707 suis
841 3650 878 3707 ad
892 3668 922 3708 se
935 3650 1081 3724 tuendum,
1096 3658 1126 3707 et
1136 3650 1199 3723 hos-

194 3747 271 3807 tibus
294 3746 331 3804 ad
355 3744 562 3819 incessendum,
587 3744 687 3822 ingens
712 3729 970 3802 ¹'incitamentum
1006 3742 1088 3822 Ergo
1112 3746 1201 3804 frater

193 3843 255 3917 ejus
271 3837 423 3929 Oxathres,
438 3841 505 3897 etim
530 3838 729 3898 Alexandrum
751 3840 858 3899 instare
879 3839 906 3897 ei
929 3846 1067 3914 cerneret,
1082 3842 1200 3918 equites,

310 3970 408 4115 ,.
