2592 4400
390 367 511 408 ursus
539 369 589 408 ιν.
619 366 704 406 oss.
732 366 812 408 xrv.
1067 355 1103 411 ⁷1

79 505 218 583 objectis,
233 505 290 565 iter
303 506 333 565 in
347 506 471 584 putrium
484 512 513 565 et
526 511 646 584 penates
658 524 745 566 msnu
758 525 821 566 esso
832 505 1023 568 fodiendum'’
1056 507 1107 568 Sio

79 599 223 674 duoes,'
200 620 242 660 sro
257 599 381 678 proximr
372 601 545 660 'militum
536 620 581 660 ms
583 600 669 659 tinoti
682 608 758 661 sunt.

149 700 195 755 55.
218 695 358 755 Durius
350 715 380 754 ιιι
404 695 477 755 lrovo
500 715 588 754 oornu
608 702 681 771 erut,
707 716 810 775 magno
837 717 955 756 suorum
982 698 1137 776 agmine,

78 788 207 848 delectis
228 790 358 868 equitum
379 791 563 869 peditumque
585 790 730 868 stipatus:
752 791 1017 870 contempseratque
1035 813 1103 869 peu·
1120 801 1141 842 7
1167 774 1286 843 37⁴f

77 885 205 942 eitutem
228 885 370 962 hostis;
380 903 482 944 venum
507 885 598 943 solem
624 903 686 942 esse
707 885 835 945 extensis
858 887 993 947 oomihus
1013 895 1101 946 retus.

79 978 245 1053 Oaeterrlm,
267 931 343 1038 sicul
365 999 452 1038 curru
475 980 627 1054 eminebat,
649 979 754 1038 dextrh
776 979 908 1059 laevtque
928 980 1009 1039 ad
985 1001 1101 1040 orreum·

77 1074 226 1132 stantium
259 1075 372 1153 agmins
404 1074 502 1133 oeulos
535 1093 693 1152 munusque
726 1073 946 1136 circumferens:
980 1076 1101 1136 '“Ten

76 1169 211 1244 rarum,’'
237 1169 340 1248 inquit,
368 1173 466 1248 “quus
489 1168 644 1229 ⁹Ooesnus
670 1168 737 1228 hine
763 1169 858 1244 alluit,
886 1170 968 1228 illino
994 1153 1101 1230 olsudit

77 1263 304 1342 Hellespontus,
327 1263 413 1342 poulo
438 1264 505 1328 unte
528 1263 679 1339 domini,
666 1285 727 1341 Jsm
744 1283 800 1323 nou
820 1264 856 1324 de
869 1265 972 1344 gloria,
992 1266 1043 1324 md
1065 1266 1101 1345 de
1118 1283 1138 1332 l
1157 1263 1243 1324 Μ

76 1357 187 1433 seluto,
201 1365 231 1417 et
243 1359 320 1438 quod
342 1358 432 1418 soluti
453 1359 629 1437 praeponitis,
644 1359 681 1417 de
694 1359 828 1419 libertate
848 1359 1033 1440 pugnandum
1046 1368 1098 1421 est

77 1452 145 1511 Hie
159 1453 251 1512 dies'
243 1454 403 1532 imperium,
416 1473 473 1532 quo
493 1454 607 1512 nullum
629 1455 755 1531 amplius
775 1455 850 1514 vidit
870 1463 950 1530 uetus,
964 1464 1015 1515 sut
1035 1462 1121 1515 oon·'

76 1547 198 1622 stituet,
226 1556 276 1606 eut
301 1549 388 1608 finiet.
444 1548 533 1626 Apud
560 1548 716 1608 Granicum
743 1551 862 1608 minimi
889 1552 994 1610 virium
1017 1559 1100 1633 purte

76 1661 150 1701 oum
176 1643 258 1702 hoste
285 1645 465 1704 certavimus
508 1643 545 1702 In
560 1643 662 1705 (tiliois
684 1645 777 1704 viotos
805 1645 893 1723 Syria
918 1653 1032 1723 poterut
1051 1649 1099 1704 exi

77 1737 187 1814 cipere.
213 1738 324 1817 Magne
333 1739 508 1797 munimenta
521 1739 603 1818 regni
618 1739 716 1818 Tigris
728 1749 816 1818 etque
830 1741 995 1818 Euphrates
1007 1747 1100 1801 erent
1113 1738 1133 1785 l
1148 1730 1172 1789 3
1186 1723 1266 1775 ps

78 1831 214 1890 Ventum
238 1843 283 1892 est
298 1835 339 1909 ed,
354 1833 430 1892 undd
444 1835 534 1911 pulsis
548 1853 584 1892 ne
607 1833 686 1912 fuges
698 1835 814 1912 quidem
837 1835 918 1893 loeus
937 1843 990 1910 est,
1005 1837 1099 1894 omniu

79 1935 145 1985 tem
164 1928 280 1993 diutino
303 1929 378 1989 bello
399 1921 541 1988 enhsustu¹
561 1935 626 2006 post
648 1937 763 2007 tergum
785 1937 862 1989 sunt
904 1929 971 1988 Non
991 1930 1098 1989 insoles

78 2041 152 2082 suos
175 2023 271 2097 urbes,
284 2043 342 2082 non
366 2023 491 2082 cultores
514 2023 620 2084 hebent
644 2030 737 2083 terroe.
780 2022 924 2102 conjuges
935 2044 1047 2102 quoque
1067 2033 1098 2083 et

10 2105 11 2114 ¹
40 2179 48 2193 Ν
77 2117 170 2178 liberi
183 2125 308 2196 sequuut
309 2139 343 2178 ur
367 2119 440 2176 huno
460 2119 566 2178 eciem:
587 2126 691 2196 purete
703 2119 836 2178 hostibus
848 2118 956 2198 praeds,
968 2120 1025 2179 nisi
1044 2125 1097 2198 pro

78 2213 239 2273 senissimis
267 2214 436 2294 pignoribus
460 2234 579 2293 empore
600 2216 776 2323 opponimus.
829 2215 944 2286 ¹⁰Quod
969 2226 1100 2275 mearum
1094 2163 1243 2265 ‘W

77 2308 142 2367 fuit
164 2309 299 2387 partium,
321 2310 487 2385 exereitum,
511 2329 596 2388 quem
619 2312 692 2387 penei
719 2310 860 2370 immensu
885 2297 1020 2388 pluuities
1046 2313 1096 2372 vix

77 2410 205 2479 superet,
230 2403 399 2481 oompsrevi.
441 2404 551 2483 Equos,
576 2424 655 2463 orme
676 2404 831 2481 distribui;
852 2411 1035 2481 commeatus,
1059 2426 1096 2465 ne

77 2504 174 2557 tontes
187 2499 367 2557 multitudini
391 2498 531 2575 deessent,
545 2498 679 2577 providi:
700 2500 804 2575 looum,
818 2500 851 2558 in
873 2520 930 2579 quo
952 2500 1028 2560 soies
1048 2521 1098 2561 ex-

77 2592 186 2673 plioari
197 2600 303 2670 posset,
318 2593 398 2672 elegi.
442 2592 555 2653 Oaeters
567 2593 599 2651 in
611 2598 709 2652 vestre
729 2602 873 2672 potestate
886 2602 972 2655 sunt:
992 2596 1096 2655 audete

79 2688 170 2747 modo
202 2688 335 2748 vincere:
366 2689 564 2766 ¹¹fsmsmque,
589 2688 814 2747 infirmissimum
839 2688 977 2749 adversus
1004 2693 1096 2750 fortes
1121 2684 1146 2739 l
1154 2680 1181 2733 3
1193 2685 1276 2756 qs

78 2782 161 2845 viros
187 2783 286 2857 telum,
312 2784 490 2842 oontemnite.
546 2782 709 2842 Temeritas
735 2791 788 2858 est,
814 2803 900 2862 quum
922 2783 1016 2842 adhue
1042 2803 1094 2863 pro

78 2879 192 2939 virtute
216 2878 374 2937 timuistis:
402 2899 468 2957 quse
491 2878 541 2938 ubi
568 2878 692 2955 primum
718 2878 855 2957 impetum
880 2878 990 2954 effudit,
1014 2879 1095 2939 velut

77 2974 213 3053 quaedum
227 2974 371 3047 animulis,
387 2973 518 3033 1ἰιιιιὶιιιο
532 2974 638 3048 eculeo,
654 2980 758 3049 torpet.
800 2972 844 3031 Hi
857 2975 925 3033 vero
939 2975 1032 3053 eampi
1046 2976 1093 3035 de·

79 3068 259 3146 prehendere
280 3070 465 3146 peuoitstem,
492 3088 577 3146 quum
601 3067 713 3128 Oilioiae
739 3074 852 3127 montes
878 3062 1092 3131 absoonderunt.

81 3163 201 3223 Videtis
214 3164 329 3223 ordines
342 3182 430 3237 raros,
444 3182 551 3223 cornus
572 3168 696 3238 extento,
710 3162 833 3221 medium
845 3163 936 3222 uoiem
948 3184 1050 3224 venum
1062 3172 1096 3225 et
1109 3156 1172 3227 sl(
1181 3154 1235 3201 ῃ)

78 3258 260 3317 exhaustum.
313 3256 390 3315 Num
414 3257 518 3332 ultimi,
541 3275 613 3335 quos
635 3256 742 3317 locavit
763 3256 906 3339 qdversos,
933 3264 1015 3337 terga
1031 3262 1092 3335 jum

79 3352 229 3430 praebent:
251 3351 343 3411 obteri
364 3351 525 3410 meherould
540 3370 678 3459 equorum
698 3352 817 3431 ungulis
838 3360 966 3460 possunt,
979 3353 1091 3411 etiamsi

80 3447 124 3505 nil
137 3452 243 3525 praeter
264 3446 384 3505 falsatos
409 3464 510 3505 currus
525 3446 663 3505 emisero:
683 3453 714 3504 et
726 3447 845 3507 bello
817 3448 978 3521 uroerimus,
992 3447 1017 3505 si
1031 3448 1092 3506 viu·

79 3543 171 3602 oimus
198 3541 314 3619 proelio:
348 3560 415 3599 nam
443 3560 478 3601 no
505 3542 565 3600 illis
591 3541 709 3619 quidem
735 3541 774 3599 ud
799 3543 897 3621 iugum
924 3542 1004 3601 loeus
1037 3550 1089 3602 est

45 3628 50 3634 ’
79 3638 194 3696 ¹8Hine
216 3636 391 3713 Euphrates,
415 3636 495 3695 illino
518 3636 614 3715 Tigris
638 3636 773 3713 prohibet
798 3636 941 3696 inolusos:
971 3645 1001 3695 et
1026 3620 1126 3715 qums
1136 3636 1172 3694 ‘f
1180 3614 1265 3679 as
1284 3655 1285 3710 1

80 3732 166 3791 untes
179 3750 232 3808 pro
246 3730 305 3790 illis
328 3730 442 3805 erent,'
434 3750 465 3788 ιιι
487 3731 811 3789 oontruriumoouverse
834 3737 909 3789 sunt
951 3725 1091 3790 Nostrum
1284 3731 1285 3736 ’

80 3827 185 3887 mobile
206 3833 237 3884 et
258 3826 423 3904 expeditum
445 3844 546 3905 agmen
566 3832 629 3902 est;
651 3824 724 3883 illud
737 3825 836 3901 praede
856 3844 950 3903 grave
992 3824 1091 3903 Impli-

1283 3005 1285 3068 l

1283 3913 1286 3966 l

1284 3969 1286 3996 ι
