2592 4400
366 409 650 450 surrentinum
676 411 799 456 ursan
826 411 850 454 1.
1094 398 1113 454 3

97 546 219 614 Philippo
236 547 395 599 inserendum
415 545 560 608 concitavit,
572 547 650 614 quod,
660 564 694 598 ne
710 547 794 600 alieno
810 548 833 600 is
847 554 961 616 tempore
977 549 1114 617 exciperet,

97 626 229 680 affinitatis
244 627 328 692 gratia
344 627 507 694 preveniens,
525 629 685 694 Cleopatram
702 628 789 690 filiam,
799 630 943 682 Alexandri
958 635 1112 696 germanam,

95 709 209 777 Epirotae
226 709 370 776 despondit,
382 709 461 774 AEgis,
473 708 628 760 Macedoniae
644 710 718 771 urbe,
729 711 879 776 nuptiarum
895 719 1021 778 apparatu
1032 713 1113 779 splen·

97 789 227 844 didissime
237 790 369 842 instructo.
403 792 454 842 Sed
465 788 611 856 inopinatus
620 806 693 841 ossus
700 791 816 842 laetitiam
826 790 979 844 intervertit.
1011 793 1113 844 Etenim

96 872 237 924 Pausanias
248 870 361 938 quidem,
370 872 404 923 ab
414 871 502 922 Attalo
513 871 692 936 contumeliose
702 871 813 933 habitus,
825 876 882 923 edm
891 874 984 924 irustud
994 891 1113 941 conques-

96 958 139 1003 tus
150 953 182 1003 de
193 951 286 1018 injurii
298 958 369 1013 esset,
380 950 605 1017 internuptiarum
622 968 695 1002 sacra
711 967 803 1016 regem,
815 956 872 1002 edm
882 959 1024 1019 spectatum
1039 956 1113 1006 ludos

96 1033 155 1095 iret,
169 1050 200 1084 ex
216 1031 354 1099 improviso
370 1030 505 1082 interiecit.
540 1030 671 1083 consciam
687 1031 763 1082 cadis
778 1033 956 1100 Olympiadem
970 1035 1054 1096 fnisse,
1065 1052 1112 1086 neo

96 1118 227 1180 expertem
237 1113 417 1172 Alexandrum,
426 1113 563 1162 multorum
573 1111 684 1178 suspicio
692 1118 755 1173 erat,
765 1113 856 1165 exinde
866 1114 928 1166 fidei
938 1115 1041 1183 propior
1048 1116 1112 1177 visa

96 1195 167 1260 quod
187 1193 325 1260 parricida
339 1192 367 1243 iu
384 1209 460 1243 cruce
480 1190 602 1259 pendenti
621 1207 714 1242 corona
733 1209 812 1244 aurea
831 1193 960 1257 audacius,
971 1212 1048 1262 quam
1065 1213 1112 1263 pro

96 1273 192 1340 privati
208 1275 317 1334 iortunA,
328 1272 447 1340 imposita
462 1273 553 1323 inerat
588 1272 721 1339 Olympiae
737 1290 838 1339 poenam
854 1275 887 1326 de
898 1277 1032 1342 cleopatra
1047 1293 1113 1327 sum·

95 1362 162 1416 tura,
175 1358 288 1422 peremta
307 1355 400 1415 sobole,
418 1359 524 1404 matrem
542 1354 576 1404 ad
592 1353 757 1421 suspendium
776 1355 869 1420 adegit
902 1359 1018 1408 Attalum
1035 1357 1112 1408 etiam

96 1437 251 1488 avunculum
261 1435 344 1502 hujus,
353 1451 393 1485 res
401 1451 480 1484 novas
491 1433 519 1483 in
526 1432 587 1484 Asit
598 1434 750 1496 molientem
759 1436 904 1487 Alexander
911 1454 959 1504 per
965 1439 1112 1489 Hecataeum

96 1523 122 1568 et
132 1516 325 1568 Parmenionem
341 1514 451 1566 sustulit
486 1513 569 1566 Groeci
581 1521 607 1565 et
617 1515 728 1566 Barbari
739 1516 772 1566 ad
783 1533 854 1582 apem
869 1517 995 1568 libertatis
1006 1518 1085 1570 erecti
1095 1536 1113 1570 a

95 1615 162 1648 nevo
179 1614 240 1662 rege
258 1596 376 1664 opinione
394 1595 470 1646 citius
487 1597 672 1662 opprimuntur.
707 1597 819 1649 Obsessis
831 1600 864 1648 ad
874 1601 967 1666 Tempe
980 1599 1111 1664 angustiis,

95 1695 142 1746 per
152 1678 224 1729 invia
242 1679 309 1730 Ossa
319 1677 347 1726 in
363 1675 518 1727 Thessaliam
535 1675 637 1744 irrupit,
650 1684 676 1727 et
693 1677 823 1728 celeritate
840 1679 956 1746 perfecit,
967 1686 997 1729 ut
1007 1679 1112 1747 Pyliaeo

95 1759 312 1828 Amphictyonum
329 1757 435 1810 coneilio
451 1757 479 1808 in
490 1757 570 1825 patris
581 1759 666 1808 loou'm
682 1760 735 1810 dux
746 1759 849 1812 Graeeie
865 1762 1030 1822 sufficeretur,
1042 1762 1112 1829 quod

96 1842 128 1892 ad
146 1839 298 1892 Corinthum
315 1841 513 1905 conventuque
530 1855 576 1889 rex
592 1856 607 1890 a
623 1839 801 1906 Thermopylis
818 1839 924 1901 abierat,
935 1841 1039 1907 publiea
1049 1858 1112 1894 voce
1172 1861 1176 1870 ·

94 1919 234 1988 repetitum
250 1919 306 1980 init,
319 1923 345 1970 ot
356 1917 451 1970 auxilia
467 1924 556 1969 contra
572 1920 662 1970 Persas
676 1920 787 1970 decreta.
819 1921 896 1970 Forte
905 1919 934 1970 in
950 1924 1054 1982 craneo,
1066 1924 1113 1974 co

94 2001 224 2053 rinthisco
243 2001 307 2061 luco,
318 1999 445 2064 Diogenes
464 2000 581 2064 degebat,
593 2015 670 2066 quem
686 2001 743 2050 edm
753 2000 898 2051 Alexander
908 2006 1017 2065 rogaret,
1028 2008 1059 2052 ut
1075 2002 1112 2053 di·

94 2089 172 2144 ceret,
184 2081 206 2132 si
217 2081 311 2149 quibus
322 2097 385 2147 opus
402 2085 482 2132 esset:
501 2082 548 2131 “A
559 2080 631 2141 sole,'’
642 2079 735 2146 inquit,
747 2086 762 2108 ‘⁴
769 2079 833 2130 mihi
843 2079 920 2131 velim
930 2098 981 2132 non
992 2083 1088 2134 obstes:
1097 2082 1112 2107 ''

94 2162 223 2232 apricanti
243 2161 310 2213 enim
329 2162 454 2213 offecerat
500 2161 577 2229 cujus
596 2159 779 2212 continentiam
798 2159 938 2213 admiratus
955 2179 1001 2215 rex
1019 2161 1111 2216 dixisse

93 2248 189 2298 fertur:
203 2250 218 2273 ‘⁴
226 2243 326 2295 Vellem
334 2247 415 2307 stege
423 2240 548 2306 Diogenes
557 2258 617 2303 esse,
626 2240 675 2292 nisi
683 2258 761 2293 essem
769 2242 934 2293 Alexander.”
967 2246 1112 2296 Gracorum

93 2328 171 2377 rebus
181 2341 230 2392 pro
240 2330 354 2390 tempore
369 2322 500 2384 ordinatis,
511 2321 539 2373 in
549 2324 673 2375 barbaros
688 2339 735 2373 rex
743 2324 889 2375 Alexander
898 2323 986 2386 movit,
998 2332 1024 2376 et
1034 2327 1113 2377 Thra·

94 2407 168 2458 cibus
179 2404 207 2455 in
218 2406 292 2455 AEme
302 2408 388 2455 monte
399 2402 481 2463 victis,
493 2418 579 2468 regem
594 2402 764 2453 Triballorum
779 2405 905 2469 Syrmum,
917 2403 1001 2471 quiin
1011 2406 1112 2457 Peucen

94 2486 154 2539 Istri
165 2486 275 2537 insulam
285 2485 421 2550 refugerat,
430 2486 464 2535 ad
472 2484 608 2551 petendam
615 2500 706 2551 pacem
714 2483 810 2549 coegit;
829 2487 914 2547 Getas,
922 2486 1030 2553 trajecto
1038 2489 1111 2547 Istro,

95 2565 240 2634 superavit;
259 2570 353 2615 etcum
365 2566 548 2617 Germanorum
564 2563 655 2629 legatis
665 2564 747 2614 ioedus
763 2564 893 2631 percussit.
926 2566 976 2617 Per
986 2566 1112 2631 Agrianos

94 2646 272 2700 Macedoniam
287 2644 415 2713 repetenti
424 2650 508 2695 motus
523 2644 670 2713 lllyriorum
685 2644 827 2705 nuntiatur,
838 2646 884 2712 qui
894 2646 1041 2697 Taulantios
1051 2634 1112 2714 euo-

96 2747 147 2798 que
158 2728 186 2779 in
197 2726 344 2779 societatem
355 2730 539 2793 pertraxerant
573 2728 628 2777 Hos
639 2724 708 2776 domi
719 2742 806 2777 eorum
817 2742 862 2777 rex
871 2726 1006 2791 Agrianus,
1017 2727 1112 2779 amiens

95 2809 249 2869 Alexandro,
261 2808 419 2869 lacessens,a
435 2806 557 2857 vexandis
575 2806 757 2857 Macedonibus
776 2806 878 2867 avertit,
889 2806 935 2873 qui
951 2806 1007 2857 illes
1024 2814 1112 2874 postea

97 2893 129 2943 ad
141 2889 247 2950 Pelium,
256 2887 407 2939 Dassaretiae
413 2887 543 2955 oppidum,
552 2886 590 2938 ite
601 2892 789 2947 concusserunt,
797 2892 827 2938 ut
836 2886 1002 2953 ingAsinguli,
1010 2887 1112 2939 inconst

96 2974 169 3035 urbe,
182 2970 362 3021 dilaberentur.
397 2971 499 3019 Interea
514 2984 622 3029 rumore,
633 2969 846 3019 Aleandmaen
863 2969 981 3019 Triballis
996 2971 1112 3031 escidium

97 3071 144 3121 per
155 3050 280 3105 Graciam
296 3050 494 3109 increbesecnte,
505 3066 571 3100 nova
586 3066 643 3116 spes
660 3065 756 3098 novum
772 3050 910 3099 tumultum
926 3049 1055 3113 excitavit,
1067 3050 1113 3119 qui

96 3137 277 3187 Thebanorum
294 3130 395 3183 civitati
412 3129 520 3183 exitialis
537 3129 592 3181 init
626 3128 663 3179 Hi
677 3128 752 3191 enim,
763 3128 887 3196 prefectis
904 3131 1019 3182 Cadmea
1036 3131 1113 3183 truci·

98 3217 172 3277 datis,
184 3214 278 3266 acriter
288 3213 419 3263 instabant
436 3210 552 3277 presidio
570 3210 642 3271 arcis,
653 3209 783 3262 mittentes
800 3228 999 3278 quaquaversus,
1010 3212 1056 3281 qui
1066 3213 1113 3264 lib-

98 3296 188 3349 ertatis
203 3293 369 3347 communiter
388 3292 548 3343 uindicandos
568 3291 708 3349 concitores
727 3298 815 3343 essent
855 3291 927 3343 Nihil
944 3310 1006 3345 vero
1026 3293 1114 3345 auxilii

98 3378 256 3431 mmmissum
271 3375 329 3436 init,
340 3373 468 3441 plerisque
486 3372 686 3440 expectantibus,
697 3375 749 3440 qud
765 3374 868 3444 iortnna
883 3373 1025 3426 inclinaret
1059 3378 1115 3425 Rex

99 3460 176 3511 citius
197 3456 316 3525 opinione
334 3454 361 3504 in
380 3453 505 3506 Boeotiam
525 3452 676 3519 irrumpens,
695 3458 752 3520 post
770 3452 851 3503 tridui
872 3461 1025 3521 apparatum
1045 3454 1115 3505 intra

100 3558 179 3591 unum
190 3538 259 3590 diem
269 3543 296 3588 et
306 3535 466 3603 oppugnavit
477 3540 504 3586 et
514 3535 583 3601 cepit
598 3536 777 3585 Thebanorum
791 3536 889 3597 urbem,
901 3534 928 3585 in
940 3552 1017 3603 quam
1027 3536 1115 3587 crude·

101 3622 157 3682 lius,
170 3636 248 3688 quam
258 3634 305 3685 pro
316 3614 418 3681 ingenie
428 3632 482 3677 suo,
493 3614 588 3676 saeviit;
605 3620 635 3665 nt
646 3631 752 3682 peregre
762 3614 791 3665 in
801 3617 890 3667 Persas
906 3616 1022 3667 abiturus
1035 3633 1115 3667 exem·

104 3703 173 3768 plum
183 3699 348 3766 relinqueret,
360 3697 429 3763 quod
439 3695 501 3747 fidei
512 3696 612 3746 tuenda
623 3702 727 3746 caeteros
743 3695 898 3747 admoneret
931 3696 995 3747 Solis
1011 3696 1115 3748 Pindari

104 3781 213 3848 pesteris·
220 3780 248 3831 in
257 3780 380 3829 honorem
387 3774 454 3827 vatis
464 3774 586 3843 pepercit,
599 3776 703 3843 ejusque
711 3777 814 3826 domum
824 3775 931 3827 cremari
938 3776 1028 3826 vetuit
1061 3780 1116 3828 Ser

106 3862 176 3914 ravit
189 3861 266 3915 etiam
277 3862 389 3911 Deorum
399 3857 513 3917 delubra,
525 3863 552 3907 et
562 3856 666 3907 fortium
683 3855 797 3907 virorum
814 3861 918 3917 statuas,
930 3856 1050 3922 religione
1061 3875 1108 3924 per
