2592 4400
424 403 620 442 n1sua1v.
652 404 738 442 oar.
770 404 794 444 1.
1076 387 1113 444 33

104 539 266 612 contendit,
292 540 323 598 id
350 540 465 598 demum
491 541 610 600 credens
636 541 716 600 'fore
739 542 840 618 ipsius,
863 541 940 620 qnod
967 540 1113 599 celeritate
1165 545 1169 551 “

45 653 81 694 [a
103 634 262 711 praeripere
275 635 426 711 potuisset.
470 635 514 692 At
527 635 696 694 Alexander
710 635 939 709 Parmenionem,
949 635 1019 713 ⁴per
1028 656 1113 713 quem

23 787 30 794 ,
104 730 183 806 apud
207 729 380 788 Damascum
402 737 517 806 recepta
539 737 600 788 erat
622 730 729 806 praeda,
748 733 863 806 jussum
884 750 946 788 eam
968 731 1068 806 ipsam,
1083 738 1114 788 et

105 825 238 900 captivos
252 824 385 901 diligenti
408 844 561 918 asservare·
573 825 715 901 custodit,
730 824 832 902 Syriae,
846 844 931 902 quam
954 823 1053 884 Ooelen
1068 844 1112 882 vo·

47 1125 88 1172 ss
105 1109 266 1190 ‘imperata
293 1109 431 1168 fecerunt.
474 1109 593 1167 Aradus
619 1128 734 1188 quoque
760 1108 856 1166 insula
882 1109 999 1166 deditur
1025 1109 1111 1186 Regi.

107 1201 287 1260 Maritimam
301 1210 396 1261 tamen
411 1224 499 1278 oram,
515 1210 544 1262 et
557 1203 693 1282 pleraque
713 1204 831 1282 longius¹
853 1204 940 1262 etiam
953 1223 971 1260 a
984 1203 1058 1261 mari
1070 1222 1112 1261 re·

105 1296 246 1371 cedentia,
269 1297 335 1356 Rex
359 1299 422 1374 ejus
446 1299 549 1358 insulae
575 1298 671 1358 Strato
693 1299 876 1376 possidebat:
896 1318 954 1378 quc
975 1299 1006 1356 in
1027 1299 1112 1356 fidem
1210 1364 1258 1380 μ,

105 1397 232 1467 accepto,
247 1397 342 1450 castra
363 1393 454 1452 movit
468 1393 505 1450 ad
518 1394 618 1453 urbem
644 1393 807 1452 Marathon.
849 1393 898 1452 Ibi
912 1393 957 1452 illi
974 1393 1081 1450 litterae
1096 1413 1113 1450 a

106 1485 198 1544 Dario
226 1487 404 1545 redduntur:
432 1488 546 1565 quibus,
574 1495 608 1545 ut
635 1489 756 1564 superbi
784 1489 909 1566 scriptis,
929 1489 1113 1548 vehementer

50 1587 94 1641 20
106 1579 234 1639 offensus
248 1588 300 1639 cst.
344 1581 515 1659 ‘Praecipud
531 1603 595 1641 eum
616 1584 716 1658 movit,
730 1583 808 1662 qudd
822 1583 930 1641 Darius
950 1583 1113 1660 sibiRegis

105 1667 234 1749 titulum,
248 1695 301 1734 nec
321 1676 453 1735 eumdem
468 1677 630 1736 Alexandri
652 1679 761 1736 nomini
783 1678 984 1754 adscripscrat.
1024 1677 1112 1736 'Pos-

107 1769 223 1828 tulabat
237 1777 335 1828 autem
344 1771 442 1848 magis,
453 1772 539 1848 quam
548 1773 675 1858 petebat,
689 1779 723 1830 ut
736 1776 853 1849 accepta
862 1773 993 1849 pacarit,
1008 1771 1112 1850 ‘quan-

105 1871 289 1942 tamcumque
314 1872 376 1923 tota
396 1865 566 1925 Macedonia
586 1875 711 1944 caperet,
732 1873 852 1926 matrem
879 1866 945 1940 sibi,
959 1885 992 1923 ac
1015 1868 1112 1941 conju·

103 1978 178 2035 gem,
188 1957 349 2038 liberosque
362 1959 538 2018 restitueret.
582 1960 626 2018 Dc
637 1981 735 2039 regno,
749 1962 858 2040 'aequa
870 1960 896 2019 si
905 1959 1002 2034 vellet,
1014 1959 1111 2017 Marte

53 2053 297 2118 sicontenderet.
342 2053 374 2113 Si
389 2055 501 2113 saniora
515 2054 765 2116 consiliatandem
779 2056 840 2133 pati
853 2054 1004 2132 potuisset,
1021 2055 1111 2112 ¹⁰con·

103 2153 203 2207 tentus
216 2149 320 2225 patrio,
336 2149 451 2209 cederet
464 2131 555 2208 alieni
565 2148 679 2228 imperii
693 2150 814 2227 finibus3
837 2151 931 2209 socius
945 2149 1111 2228 amicusque

104 2251 200 2301 esset:
222 2244 252 2301 in
266 2263 299 2301 ea
313 2263 343 2302 se
356 2244 441 2303 fidem
456 2252 486 2301 et
500 2245 568 2303 dare
582 2252 724 2321 paratum,
740 2251 770 2303 et
783 2246 920 2321 accipere.
975 2254 986 2277 “
1071 2304 1085 2333 ·

164 2342 190 2395 2.
213 2338 321 2395 Contra
332 2338 502 2397 Alexander
515 2339 545 2396 in
559 2339 634 2398 huuc
650 2341 669 2367 ¹¹
679 2340 804 2400 maxime
815 2340 933 2398 modum
945 2339 1109 2416 rescripsit:

103 2433 197 2503 “,Rnx
207 2432 397 2491 Auerruncus
407 2433 514 2492 Dnaro.
547 2433 612 2508 Ille,
623 2437 706 2511 cujus
714 2454 817 2493 nomen
826 2435 984 2512 sumpsisti,
993 2434 1110 2508 Darius,
1130 2482 1153 2527 ι

56 2541 92 2605 30
103 2527 232 2600 Graecos,
247 2528 298 2606 qui
312 2548 392 2586 oram
415 2528 601 2605 Hellesponti
623 2536 732 2603 tenent,
747 2530 929 2607 coloniasque
944 2528 1110 2589 Graecorum

104 2622 205 2681 Ionias
218 2623 296 2681 omni
311 2622 392 2681 clade
406 2624 550 2683 vastavit:
571 2644 634 2683 cum
650 2644 754 2702 magno
768 2625 871 2683 deinde
886 2625 1015 2683 exercitu
1031 2644 1110 2682 mare

105 927 181 995 cant,
194 920 331 997 praefecit.
376 919 491 978 Novum
505 921 657 996 imperium
673 919 748 996 Syri,
758 920 884 978 nondum
898 920 969 979 belli
982 919 1113 979 cladibus

105 1007 178 1072 satis
193 1015 303 1088 domiti,
318 1015 562 1091 aspernabantur:
585 1015 636 1073 sed
658 1015 792 1073 celeriter
812 1015 931 1088 subacti,
946 964 1288 1287 obedient*

102 2718 227 2794 trajecit,
242 2717 324 2775 illato
351 2718 530 2777 Macedoniae
547 2726 576 2777 et
600 2718 723 2779 Graeciae
739 2718 824 2778 bello.
865 2719 981 2777 Rursus
994 2718 1110 2776 Xerxes

14 2852 20 2859 -
101 2811 197 2889 gentis
218 2812 347 2888 ejusdem
362 2812 399 2871 ad
415 2813 620 2891 oppugnandos
634 2832 767 2872 nuscum
789 2813 956 2870 immanium
977 2812 1109 2872 barbaro·

101 2894 166 2965 rud
181 2906 272 2983 copiis
285 2907 382 2966 venit:
404 2908 462 2985 qui,
474 2908 570 2967 navali
583 2908 685 2985 praelio
699 2908 804 2981 victus,
816 2907 1000 2965 Mardonium
1012 2900 1108 2963 tamen

55 3000 104 3064 55
101 3000 221 3081 reliquit
234 3000 265 3058 in
280 2999 404 3075 Graecid,
417 3014 451 3060 ut
464 3002 566 3062 absens
579 3022 694 3082 quoquc
714 3001 901 3078 popularetur
913 3000 1010 3074 urbes,
1024 3018 1108 3079 agros
1162 3007 1167 3019 “

101 3103 206 3153 ureret.
250 3096 270 3125 ¹²
280 3095 449 3175 Philippum
459 3098 528 3155 vcrd
541 3104 690 3174 parentem
703 3116 800 3155 meum
813 3096 878 3174 quis
891 3096 1005 3174 ignorat
1015 3097 1051 3155 ab
1062 3096 1109 3153 his

101 3190 288 3249 interfectum
309 3210 380 3268 esse,
403 3210 476 3269 quos
499 3192 623 3269 ingentis
650 3191 782 3270 pecuniae
805 3188 1108 3267 spe‘sollicitaverant

101 3284 215 3344 vestri?
255 3284 351 3361 Impia
372 3286 449 3344 enim
462 3285 539 3346 bella
560 3283 719 3365 suscipitis,
734 3293 764 3344 et
778 3286 846 3343 cdm
867 3284 998 3345 babeatis
1019 3305 1106 3358 arma,

101 3381 122 3409 ¹⁸
131 3380 285 3437 licitamini
298 3380 424 3438 hostium
445 3380 549 3457 capita,
564 3381 641 3441 sicut
653 3387 689 3441 tu
705 3380 724 3409 ¹⁴
732 3380 862 3458 proximi
877 3380 996 3439 talentis
1016 3378 1106 3452 mille,

48 3472 175 3555 [potanti
200 3474 350 3533 exercitus
372 3474 447 3548 Rex,
461 3494 658 3552 percussorem
671 3477 705 3534 in
718 3495 764 3533 ma
777 3494 871 3533 emere
883 3473 1010 3533 voluisti.
1051 3473 1106 3531 Re·

100 3570 175 3646 pello
189 3570 281 3647 igitur
294 3569 410 3643 bellum,
424 3589 481 3628 nou
495 3570 596 3646 iniero.
639 3570 682 3630 Et
695 3570 762 3630 Diis
781 3589 895 3648 quoque
914 3588 966 3646 pro
986 3566 1106 3625 meliore

101 3665 247 3723 stantibus
276 3666 371 3739 causi,
393 3684 524 3743 magnam
550 3673 664 3742 partem
689 3664 772 3723 Asiae
795 3664 825 3721 in
849 3663 987 3721 ditionem
1006 3661 1112 3740 redegi
1212 3665 1220 3675 ‘

100 3779 208 3818 meam:
231 3758 371 3835 teipsum
395 3761 455 3819 acie
469 3760 543 3818 vici:
565 3779 651 3837 quem
675 3759 730 3815 etsi
752 3758 825 3815 nihil
847 3778 865 3815 a
884 3776 930 3815 me
951 3757 1107 3833 impetrare

99 3855 263 3934 oportebat,
277 3854 354 3931 quod
374 3854 508 3931 petieraa
524 3856 545 3883 ¹⁸
554 3861 655 3930 utpote
675 3853 725 3929 qui
744 3871 781 3910 ue
794 3844 865 3912 belli
883 3850 1003 3929 quidem
1015 3851 1046 3909 in
1061 3872 1107 3910 me

254 3949 291 4006 ῳ
