2592 4400
390 356 514 399 nrern
544 356 636 398 vrri.
669 358 755 399 oar.
787 358 840 399 ux.
1067 342 1121 400 199

104 504 184 557 eunt.
249 494 387 558 Gemmas
423 497 650 576 margaritasque
685 516 763 557 mare
798 494 947 558 littoribus
983 496 1120 557 infundit.

106 593 214 672 Neque
237 592 296 652 alia
317 592 377 651 illis
400 594 493 669 major
513 591 670 669 opulentiae
690 593 708 621 ¹⁰
717 612 803 651 eausa
817 600 871 667 est,
886 594 905 621 ¹¹
916 594 1018 670 utique
1044 598 1121 669 post·

104 704 193 767 quam
217 689 357 747 vitiorum
387 688 589 745 oommeroium
612 687 772 767 vulgavere
805 688 836 745 in
863 694 978 745 exteras
1003 694 1119 765 gentes:
1184 752 1185 755 Ἴ

104 784 213 862 quippe
234 783 418 841 aestimantur
440 789 630 858 purgamenta
653 782 806 841 aestuantis
831 782 900 840 freti
925 782 1020 859 pretio
1042 780 1121 860 quod

105 878 125 905 ¹²
134 876 229 935 libido
242 876 402 934 constituit
433 875 556 952 Ingenia
569 876 727 951 hominum,
741 876 817 934 siout
825 875 941 954 ubique,
957 875 1035 952 apud
1049 875 1117 933 illos

46 1000 57 1015 ·
104 972 236 1031 loeorum
250 990 364 1049 quoque
378 972 453 1029 situs
467 972 580 1029 format.
624 970 754 1047 Corpora
775 990 865 1049 usque
887 970 976 1048 pedes
1000 956 1120 1033 narbaso

105 1066 215 1126 velant
267 1065 362 1124 Soleis
386 1064 484 1143 pedes,
509 1064 606 1141 capita
633 1065 732 1123 linteis
757 1064 895 1123 vinciunt
952 1063 1061 1141 Lapilli
1084 1083 1121 1121 ex

105 1160 227 1219 auribus
246 1159 393 1236 pendent:
415 1159 533 1218 braehia
555 1178 678 1237 queque,
694 1166 724 1217 et
748 1160 874 1218 laeertos
897 1178 967 1217 auro
983 1157 1119 1230 ¹³eolunt,

105 1256 213 1333 quibus
227 1255 304 1313 inter
316 1255 470 1331 populares
484 1262 536 1312 arnt
556 1255 694 1313 nobilitas
714 1262 765 1313 aut
779 1274 848 1332 opes
862 1254 996 1313 eminent
1041 1252 1058 1279 ¹⁴
1068 1250 1119 1311 (la-

105 1352 211 1429 pillum
224 1356 345 1428 pectunt
358 1350 467 1426 saepirls
485 1352 574 1428 quam
588 1350 728 1408 tondent:
752 1356 881 1409 mentum
895 1368 1008 1426 semper
1028 1348 1118 1406 inton-

106 1466 172 1504 sum
196 1453 251 1504 est.
304 1445 459 1523 Reliquam
483 1446 543 1503 oris
566 1451 663 1503 eutem
687 1444 724 1503 ad
748 1444 872 1523 speeiem
894 1443 1023 1505 levitatis
1046 1463 1120 1504 exso·
1196 1510 1205 1519 ,

105 1549 208 1620 quant.
1226 1602 1227 1607 ἵ

158 1636 217 1695 -30.
239 1634 353 1712 Regum
382 1639 480 1692 tamen
508 1632 659 1709 ¹'luxuria
686 1652 771 1712 quam
798 1632 856 1711 ipsi
878 1631 1120 1712 magnificentiam

105 1728 264 1807 appellant,
278 1748 365 1805 supra
377 1727 505 1785 omnium
517 1727 648 1806 gentium
661 1728 741 1788 uitia
794 1726 870 1787 cum
884 1728 951 1786 Rex
964 1746 994 1786 se
1008 1726 1038 1785 iu
1051 1728 1120 1803 pub-

105 1824 163 1883 lieo
176 1823 301 1901 oonspioi
313 1823 434 1901 patitur,
448 1822 596 1882 thuribula
609 1831 744 1901 argentea
757 1822 881 1881 ministri
895 1823 1001 1897 ferunt,
1015 1828 1119 1881 totum·

104 1940 162 1999 que
175 1919 242 1993 iter,
255 1938 307 1996 per
319 1918 397 1998 quod
409 1918 479 1976 ferri
500 1918 664 1993 destinavit,
679 1916 814 1977 odoribus
828 1917 979 1994 eomplent
1019 1916 1120 1975 Aurea

104 2013 212 2073 leotiet
235 2013 399 2091 margaritis
432 2011 730 2089 eiroumpendentibns
757 2010 886 2071 reeubat
942 2010 1121 2069 ¹⁸Distinotn

105 2114 176 2168 sunt
197 2128 268 2167 auro
281 2115 312 2166 et
332 2111 459 2185 purpura
479 2106 684 2184 carbasaque
703 2105 820 2165 indutus
844 2112 907 2165 est:
928 2104 1057 2165 leotieam
1077 2124 1118 2164 se·

105 2211 237 2286 quuntur
260 2203 362 2262 armati
386 2203 566 2280 eorporisqne
580 2201 721 2262 custodes.
762 2201 846 2260 Inter
858 2219 928 2280 qnos
952 2202 1039 2260 ramis
1053 2219 1119 2260 aves

105 2298 243 2376 pendent,
256 2317 328 2376 quas
340 2304 428 2356 eantn
440 2297 525 2357 seriis
538 2297 623 2355 rebns
635 2296 799 2374 obstrepere
819 2295 983 2357 doouerrmt
1025 2297 1120 2376 Regia

107 2395 126 2422 ¹⁷
135 2401 255 2452 auratas
275 2393 421 2450 oolnmnas
443 2391 544 2468 babet3
566 2398 643 2451 totas
663 2410 712 2451 eas
724 2392 795 2454 ritis
817 2392 917 2452 ¹⁸auro
936 2392 1037 2452 eaelata
1056 2411 1119 2471 per·

104 2489 208 2564 sumit,
236 2487 395 2566 aviumque,
421 2506 541 2565 quarum
567 2487 633 2546 visu
658 2487 781 2546 maxime
814 2487 949 2566 gaudent,
977 2493 1120 2568 argenteoe

105 2583 214 2662 effigies
239 2602 327 2660 opera
354 2582 525 2661 distingunt
579 2582 675 2662 Regia
701 2582 871 2642 adeuntibus
898 2590 986 2660 patet
1042 2583 1119 2644 (idm

105 2679 244 2757 oapillum
264 2676 353 2755 pectit
376 2685 461 2755 atque
481 2684 572 2752 ornat,
585 2686 655 2736 tune
673 2697 808 2756 respousa
830 2678 1029 2756 legationibus,
1050 2687 1119 2738 tune

111 2776 183 2851 jura
195 2772 381 2850 popularibus
400 2772 504 2832 reddit.
545 2773 678 2850 Demptis
701 2773 796 2848 soleis,
811 2772 945 2832 odoribus
967 2773 1119 2834 illinuntur

104 2868 203 2947 pedes.
256 2867 423 2928 ¹·Venatos
444 2867 588 2926 maximus
611 2866 692 2926 labor
716 2873 769 2941 est,
794 2866 905 2924 inelusa
928 2866 1118 2926 vivario-ani·
1193 2926 1195 2930 ,

103 2963 195 3023 malin
208 2962 287 3020 inter
300 2968 368 3022 vota
380 2970 535 3040 eantusque
550 2962 687 3038 pellicum
699 2962 792 3039 figere.
835 2959 945 3019 Binum
958 2961 1118 3022 cubitorum

103 3059 222 3138 sagittae
235 3064 312 3132 snut,
325 3076 397 3135 quas
419 3056 556 3115 emittunt
567 3059 675 3133 majore
687 3056 758 3114 nixu
771 3057 858 3133 quim
873 3055 992 3115 effectu:
1012 3057 1118 3135 qnippe

103 3154 207 3228 telum,
227 3155 312 3230 eujus
332 3152 364 3210 in
376 3151 495 3211 levitate
508 3152 554 3211 vis
576 3151 668 3210 omnis
681 3157 733 3226 est,
748 3151 768 3179 ²⁰
778 3149 900 3210 inhabili
913 3150 1039 3227 pondere
1054 3171 1118 3211 one

103 3258 196 3310 ratur.
238 3247 378 3306 Breviora
390 3247 498 3306 itinera
517 3266 589 3324 equo
603 3247 721 3306 eonfioit
763 3245 892 3324 Longior
904 3245 956 3307 nbi
971 3247 1117 3325 expeditio

36 3347 41 3351 ’
103 3342 322 3450 estplephanti
335 3342 446 3402 vebnnt
468 3359 592 3413 eurtum,
605 3349 636 3398 et
657 3348 801 3398 tantarum
824 3340 985 3401 belluarum
999 3359 1118 3418 corpora

102 3448 167 3498 tota
180 3445 338 3516 contegunt
350 3455 428 3497 anro.
470 3438 516 3496 Ao
537 3435 658 3514 nequid
680 3435 802 3512 perditis
825 3436 953 3496 moribus
967 3435 1052 3510 desit,
1064 3434 1118 3492 lee-

104 3535 170 3594 tiois
198 3533 294 3592 aureis
320 3533 456 3613 pellicum
482 3533 585 3610 longus
616 3532 686 3590 ordo
714 3532 850 3609 seqnitur.
906 3529 1074 3607 Separatum
1100 3548 1118 3587 a

103 3631 230 3710 Reginae
242 3626 344 3687 ordine
356 3645 458 3706 agmen
470 3633 523 3701 est,
537 3633 688 3704 aequatque
702 3617 828 3684 luxuria.
870 3623 1006 3682 Foeminae
1019 3622 1117 3700 epulas

102 3733 215 3804 parant
257 3722 308 3783 Ab
330 3721 545 3782 iisdemvinum
567 3721 758 3793 ministratur,
772 3720 856 3795 enjus
879 3715 1009 3776 omnibus
1033 3716 1118 3776 Indis

101 3822 200 3902 largus
224 3825 271 3879 est
292 3835 371 3879 usus.
421 3816 533 3896 Regem
556 3834 636 3875 mero
657 3831 810 3892 somnoque
830 3811 964 3889 sopitum,
989 3811 1020 3870 in
1040 3810 1117 3872 eubi-
