2592 4400
172 422 234 482 tos
524 435 665 488 cursor
693 434 835 477 consu

174 577 266 657 Rege,
280 574 311 635 in
333 574 438 635 etdcm
450 573 519 635 sede
536 574 651 653 ponit:
673 593 796 653 qnorum
817 580 936 651 aspectu
956 592 1058 635 rursus
1078 574 1193 635 oborta

173 672 306 733 omnibns
319 672 455 748 lacrymae
467 671 649 748 integravere
664 670 783 729 luctum.
842 668 884 728 Et
898 669 1063 745 Perdiccas,
1093 672 1110 703 “
1122 670 1192 749 ligo

173 767 320 847 quidem,'²
334 765 436 845 iuquit,
451 770 468 799 “
478 765 625 839 annulum,
635 784 693 843 quc
703 764 753 823 illc
767 764 850 843 regni
863 771 951 842 atque
963 764 1077 843 imperii
1091 764 1192 824 'vires
1283 818 1284 845 ,

147 865 156 885 ‘
174 855 325 940 obsignare
346 869 410 921 orat
431 860 545 933 solitus,
567 859 707 919 traditum
730 860 767 919 ab
788 860 851 937 ipsc
875 860 955 933 mihi,
978 860 1069 919 reddo
1093 860 1190 921 vobis.
1283 852 1284 917 l

176 959 321 1021 Oaemrnm
334 976 500 1036 quanquam
513 955 595 1014 nulla
607 954 705 1015 clades
726 954 802 1029 huic,
822 956 881 1033 qnb
901 954 999 1013 affecti
1013 974 1121 1027 sumus,
1136 976 1193 1033 par

174 1053 212 1112 ab
224 1052 308 1111 iratis
322 1050 388 1111 Diis
401 1048 560 1129 excogitari
573 1055 686 1127 potest;
709 1055 806 1109 tantm
826 1048 1058 1127 magnitudinem
1077 1069 1191 1125 rerum,
1283 1042 1284 1067 *

61 1134 64 1139 ¹
173 1166 246 1227 quaa
259 1146 330 1224 egit,
344 1145 527 1205 intuentibus
548 1142 667 1203 credere
688 1143 767 1219 licet,
781 1142 914 1203 ‘tantum
935 1144 1030 1203 virum
1045 1144 1123 1203 Deos
1146 1166 1192 1204 ao·
1283 1198 1284 1227 ζ

174 1241 372 1302 commcdtase
384 1242 471 1301 rebus
484 1239 627 1313 humanis,
641 1258 764 1318 quarum
778 1246 857 1298 sorta
872 1239 1025 1316 completa,
1039 1240 1099 1299 aitd
1107 1260 1191 1318 repe·
1283 1238 1284 1255 ³

175 1344 272 1397 terent
290 1356 356 1395 eum
371 1355 433 1395 susa
453 1333 545 1413 stirpi
589 1334 719 1393 Proinde
740 1334 877 1412 qnoniam
899 1334 975 1394 nihil
995 1334 1075 1394 aliud
1096 1356 1132 1395 ex
1155 1356 1193 1397 eo
1283 1336 1284 1393 i

175 1437 316 1508 superest,
328 1432 418 1509 quiem
430 1430 509 1509 quod
523 1449 636 1509 semper
646 1429 683 1491 ab
697 1428 917 1489 immortalitate
931 1430 1113 1505 subducitur,
1128 1451 1193 1491 cor·
1283 1468 1284 1525 3

174 1525 239 1603 pcri
252 1525 417 1603 nominique
437 1525 651 1603 quamprimtim
671 1528 753 1600 justa
775 1524 929 1601 solvamus,
950 1524 1030 1584 baud
1052 1525 1137 1585 obliti
1161 1526 1194 1585 in
1283 1526 1284 1539 ¹

175 1624 235 1699 qut
248 1619 329 1694 urbe,
344 1620 421 1679 inter
440 1640 514 1699 quos
532 1621 633 1694 simus,
656 1620 736 1703 qqali
760 1620 842 1698 Rege
865 1640 898 1679 aa
913 1620 1045 1679 Praesidc
1060 1621 1194 1698 spoliati.
1283 1640 1284 1653 ³

177 1713 375 1775 Tractandum
388 1722 442 1789 eat,
453 1714 674 1788 commilitones,
696 1714 948 1793 cogitandumque,
964 1714 1015 1773 ‘ut
1034 1716 1196 1776 victoriam

175 1817 289 1889 partam
303 1810 381 1869 inter
394 1809 456 1885 bos,
467 1809 618 1889 dequibus
632 1816 716 1887 parta
726 1816 780 1883 est,
795 1808 926 1869 cbtinore
940 1811 1091 1887 possimus.
1135 1810 1194 1871 cs,

177 1905 240 1983 pite
263 1921 336 1982 opus
356 1911 409 1963 est
452 1904 567 1963 Hocine
580 1923 647 1977 unc,
668 1922 705 1963 an
725 1903 867 1981 pluribus,
887 1904 919 1963 in
932 1907 1030 1965 vestrb
1044 1912 1195 1982 potestate

176 2008 230 2059 est
271 2000 375 2059 'Illud
388 2000 462 2059 scire
476 1999 597 2074 debetis,
614 1998 770 2057 militarem
785 1998 848 2057 sinc
863 1999 934 2059 duce
954 1999 1070 2061 turbam
1084 2020 1196 2078 corpus
1283 1998 1284 2071 l

177 2115 240 2154 ease
259 2096 321 2155 aine
335 2095 447 2174 spiritu
491 2094 599 2155 Sextus
619 2093 726 2153 mensis
741 2100 795 2167 est,
814 2114 851 2153 ex
872 2114 929 2173 quo
954 2095 1077 2154 Roxane
1098 2116 1195 2177 praeg·

177 2210 250 2250 nans
271 2198 324 2250 est.
369 2189 522 2268 Optamus,
535 2196 570 2248 ut
591 2209 699 2249 marem
721 2188 864 2254 enitatur:
893 2191 957 2267 ejus
979 2209 1101 2268 regnum
1123 2190 1196 2254 Diis

178 2285 405 2364 approbantibus
418 2286 560 2360 futurum,
574 2285 689 2364 quando
703 2285 871 2346 adoleverit.
914 2286 1039 2346 Interim
1052 2287 1196 2366 aquibus
1283 2293 1284 2306 ¹

177 2381 240 2459 regi
249 2380 357 2454 velitis,
373 2380 547 2438 destinate.¹’
589 2380 663 2440 Haec
677 2380 840 2440 Perdiccas

232 2479 283 2534 rt.
307 2475 383 2533 Tum
398 2474 555 2552 Nearchus,
564 2475 728 2546 Alexandri
741 2477 826 2536 mcdd
840 2474 1007 2554 sanguinem
1022 2496 1055 2536 ac
1066 2477 1195 2556 stirpem
1283 2553 1284 2564 ἵ

177 2569 265 2648 regiae
285 2570 431 2648 majestati
445 2571 607 2644 convenire,
621 2571 766 2630 neminem
787 2571 829 2630 ait
843 2590 928 2649 posse
951 2572 1067 2630 mirari:
1088 2573 1195 2634 'cvetc-
1283 2615 1284 2656 ,

176 2667 244 2723 rrtm
258 2665 405 2742 expectari
415 2664 543 2724 nondum
556 2673 653 2724 crtum
668 2666 790 2744 Regem,
800 2673 830 2724 et
840 2666 891 2745 qui
901 2669 963 2743 jam
972 2667 1020 2740 sit,
1034 2667 1195 2746 praeteriri,
1283 2657 1284 2692 l

177 2780 230 2820 neo
243 2760 347 2819 animis
361 2760 554 2819 Macedonum
568 2760 729 2835 convenire,
744 2781 797 2819 neo
811 2761 937 2839 tempori
957 2781 1073 2821 rerum:
1096 2782 1160 2822 esse
1175 2783 1195 2822 c
1283 2777 1284 2780 ’

178 2855 301 2914 Barsine
314 2855 407 2913 filium
421 2854 523 2934 Regis,
538 2854 606 2912 hnic
625 2854 760 2912 diadema
774 2855 908 2914 dandum.
951 2855 1037 2914 Nulli
1056 2857 1195 2934 placebat
1283 2887 1284 2924 v

177 2952 279 3009 oratic.
323 2949 427 3029 Itaque
448 2969 501 3009 suc
523 2969 602 3008 more
615 2949 708 3008 hastis
731 2958 814 3008 scuta
836 2951 1007 3028 quatientes,
1022 2951 1194 3030 obstrepere

177 3046 408 3122 perseverabant.
459 3045 586 3123 Jamque
613 3047 706 3122 prope
727 3045 765 3103 ad
793 3045 963 3104 seditionem
990 3055 1193 3124 pervenerant,

179 3139 313 3198 Nearcho
342 3140 522 3216 pervicacius
546 3147 648 3198 tuente
669 3141 849 3198 sententiam.
901 3141 976 3200 Tum
999 3141 1194 3218 Ptolemaeus,
1283 3191 1284 3202 ,

178 3239 194 3268 “
205 3235 214 3262 ¹
225 3234 322 3311 Digna
334 3236 455 3312 prorsvis
469 3243 515 3294 est
536 3235 680 3311 soboles,’'
695 3235 798 3314 inquit,
813 3239 829 3268 “
840 3255 905 3314 quaa
927 3236 1120 3299 Macedonum
1141 3240 1195 3298 im·

176 3337 258 3408 peret
268 3329 357 3407 genti,
372 3328 509 3387 Roxanes
522 3329 571 3388 vel
592 3329 730 3390 Barsines
744 3330 840 3390 filiusl
862 3333 945 3408 cujus
956 3351 1062 3392 nomon
1075 3333 1197 3412 quoique
1283 3327 1284 3364 ³

177 3423 326 3504 Europam
339 3425 435 3483 dicere
448 3423 570 3502 pigebit,
584 3428 693 3503 majore
708 3446 746 3486 ex
766 3434 848 3505 parte
862 3427 995 3504 ”captivi
1039 3427 1099 3488 Gur
1120 3428 1194 3493 Par·
1283 3455 1284 3468 ¹

177 3541 224 3580 aas
247 3522 410 3595 vicerimus,
430 3529 465 3578 ut
491 3521 577 3598 stirpi
603 3541 704 3580 eorum
732 3521 914 3606 serviamus?
944 3523 1022 3601 quod
1046 3524 1122 3600 justi
1146 3525 1196 3586 illi
1283 3507 1284 3590 l

177 3615 274 3694 Reges
307 3616 415 3674 Darius
439 3622 469 3674 et
496 3615 612 3674 Xerxes
635 3623 681 3674 tot
703 3617 826 3676 millium
855 3617 1019 3694 agminibus
1042 3619 1195 3698 tantisque
1283 3677 1284 3696 ,

175 3711 317 3770 classibus
340 3711 529 3789 nequicquam
556 3711 739 3788 petiverunt:
787 3711 856 3772 Mea
880 3713 1024 3772 sententia
1050 3712 1113 3786 haec
1136 3723 1194 3792 est,

175 3812 210 3864 ut
229 3805 297 3863 sede
312 3805 475 3863 Alexandri
497 3806 527 3863 in
551 3805 633 3882 regit
656 3806 762 3883 posita,
777 3807 828 3886 qui
848 3807 976 3866 consiliis
995 3810 1060 3885 ejus
1075 3808 1194 3872 adhibe-

176 3899 289 3994 bantur,
312 3907 425 3973 cceant,
451 3900 566 3978 quoties
590 3900 620 3956 in
648 3919 798 3960 commuue
822 3901 954 3962 consulto
981 3921 1054 3979 opus
1079 3903 1194 3966 luerit:
