2592 4400
438 336 562 376 arasa
588 336 639 378 vr.
669 334 754 379 oar.
783 337 835 379 rx.
1090 322 1143 397 1³1

123 472 257 536 sileam?
296 473 461 549 Parmenio,
482 474 555 535 ‘illa
575 480 673 551 aetate,
699 480 743 535 tot
764 476 847 553 meis,
868 482 914 537 tot
938 479 1068 555 parentis
1088 476 1146 541 mei

123 568 241 629 meritis
267 570 430 645 devinctus,
458 570 586 629 omnium
612 570 698 630 nobis
732 571 889 631 amicorum
916 573 1144 649 vetustissimus,

123 664 231 723 ducem
254 684 286 724 se
310 672 393 724 tanto
420 664 524 725 scolari
549 665 686 744 praebuit.
744 666 882 727 Minister
909 670 973 745 ejus
1001 667 1142 744 Philotas,

124 759 315 835 Peucolaum,
339 767 369 819 et
392 760 573 819 Demetrium
597 768 628 820 et
651 761 728 819 huno
752 761 907 840 Dymnum,
933 765 1016 841 cujus
1037 783 1142 843 corpus

122 855 265 933 aspicitis,
280 864 458 935 caeterosque
472 856 604 932 ejusdem
624 856 768 933 amentiae,
784 857 814 915 in
835 865 922 937 caput
936 879 1031 917 meum
1045 844 1142 919 subor-¹

121 950 238 1010 navit.'’
304 950 450 1009 Fremitus
477 951 606 1031 undique
639 950 854 1029 indignantium
881 952 1141 1033 ‘querentiumque

124 1049 194 1103 tota
215 1046 351 1105 concione
374 1046 570 1123 obstrepebat,
584 1047 679 1125 qualis
702 1045 777 1105 solet
797 1063 860 1107 esse
881 1048 1088 1133 multitudinis,
1111 1056 1141 1109 et

123 1140 253 1199 maxime
275 1142 420 1215 militaris,
435 1141 486 1201 ubi
510 1149 563 1199 aut
587 1141 684 1200 studio
707 1142 812 1221 agitur,
837 1150 888 1201 aut
913 1143 967 1203 iri„
1010 1142 1038 1203 N
1042 1145 1141 1203 icome-

121 1236 200 1295 chus
225 1236 340 1311 deinde,
354 1243 385 1295 et
408 1237 526 1295 Metron
541 1243 571 1294 et
595 1235 753 1296 Cebalinus
772 1238 915 1317 producti,
941 1259 1007 1319 quae
1020 1239 1142 1320 quisque

122 1331 275 1391 detulerat
289 1339 453 1410 exponunt:
473 1331 584 1391 nullius
605 1351 704 1394 eorum
726 1332 832 1393 indicio
847 1332 981 1393 Philotas
995 1334 1141 1415 particeps

122 1426 247 1486 sceleris
272 1427 480 1488 destinabatur.
524 1426 629 1506 Itaque
644 1428 843 1507 indignatione
857 1433 968 1508 pressa,
983 1450 1040 1489 vox
1064 1430 1137 1489 indi·

119 1540 190 1580 cum
217 1522 335 1581 silentio
363 1528 485 1599 excepta
512 1529 565 1581 est
622 1522 699 1581 Tum
726 1522 813 1583 Rex:
847 1528 864 1557 ‘⁴
877 1522 1005 1600 Qualis,”
1035 1526 1140 1605 inquit,

118 1617 220 1694 “ergo
244 1617 335 1675 animi
358 1617 440 1677 vobis
464 1617 591 1693 videtur,
606 1618 658 1696 qui
679 1618 767 1695 hujus
787 1618 832 1677 rei
851 1617 981 1679 delatum
1002 1620 1141 1679 indicium

119 1711 160 1772 ad
175 1712 271 1789 ipsum
285 1712 470 1790 suppressit?
513 1711 599 1783 Quod
612 1732 670 1771 non
685 1713 777 1773 fuisso
789 1732 904 1789 sanum,
920 1714 1028 1791 Dymni
1042 1700 1140 1774 exitus

120 1807 261 1866 declarat
303 1808 450 1866 Incertam
464 1827 526 1867 rem
542 1808 676 1867 deferens
696 1814 841 1867 tormenta
860 1827 918 1866 non
932 1809 1033 1875 timuit
1049 1810 1139 1871 Geba-

120 1903 220 1961 linus:
237 1903 355 1961 Metron
366 1923 403 1961 ne
414 1910 591 1961 momentum
604 1902 722 1981 quidem
735 1904 873 1981 tem-poris
888 1903 1006 1962 distulit
1019 1903 1140 1963 ‘exone-

119 2018 189 2057 rare
210 2017 251 2071 se,
265 2006 300 2057 ut
314 2000 348 2057 ed
362 1998 413 2070 ubi
437 1998 556 2057 lavabar
577 1999 761 2075 irrumperet.
804 1998 939 2057 Philotas
962 1999 1042 2059 solus
1066 2000 1140 2059 nihil

119 2094 231 2169 timuit,
248 2094 333 2151 nihil
357 2093 490 2152 credidit.
543 2092 570 2155 Ο
598 2093 696 2173 magni
723 2093 811 2151 animi
837 2094 950 2153 virum!
992 2094 1089 2169 'Ista
1113 2096 1139 2155 si

120 2189 216 2268 Regis
229 2189 358 2268 periculo
378 2198 618 2264 commoveretur,
632 2189 747 2249 vultum
767 2209 826 2250 non
848 2190 994 2250 mutaret!
1015 2190 1139 2252 iudicem

120 2293 214 2345 tantae
235 2286 278 2344 rei
299 2286 442 2346 sollicitus
464 2305 522 2345 non
542 2285 676 2344 audiret!
727 2285 834 2347 Subest
854 2286 994 2346 nimirum
1022 2287 1137 2348 silentio

120 2383 253 2456 facinus;
275 2387 305 2440 et
326 2380 412 2442 avida
425 2400 492 2459 spes
506 2381 589 2458 regni
609 2381 788 2459 praecipitem
809 2381 937 2440 animum
951 2382 987 2441 ad
1001 2383 1138 2442 ultimum

119 2478 204 2554 nefas
228 2477 352 2555 impulit.
394 2477 485 2536 Pater
508 2476 617 2536 Mediae
643 2484 760 2554 praeest.
815 2476 894 2556 Ipse,
923 2476 1001 2556 apud
1029 2479 1138 2538 multos

107 2575 270 2654 ,copiarum
294 2573 383 2631 duces
404 2572 475 2630 meis
487 2580 653 2650 praepotens
668 2572 788 2646 viribus,
804 2575 921 2650 majora,
938 2573 1046 2652 ⁸quam
1060 2575 1139 2654 capit

120 2677 228 2747 sperat
271 2667 413 2730 'Orbitas
427 2687 541 2747 quoque
561 2687 634 2742 mea,
647 2668 727 2748 quod
741 2668 805 2727 sine
826 2667 927 2728 liberis
942 2688 1014 2744 sum,
1030 2670 1137 2746 sperni·

119 2773 179 2824 tur.
223 2763 283 2824 sen
296 2771 375 2824 errat
389 2763 532 2822 Philotas.
576 2762 614 2822 In
628 2762 711 2823 vobis
734 2763 851 2836 liberos,
866 2771 1009 2840 parentes,
1023 2783 1137 2822 consan-

118 2859 243 2939 guineos
256 2857 369 2934 habeo,
388 2857 472 2918 vobis
487 2857 585 2930 salvia,
600 2857 690 2920 orbus
703 2876 767 2916 esse
781 2876 838 2915 non
851 2857 998 2936 possum.’'

183 2958 231 3013 27.
254 2953 419 3030 Epistolam
448 2953 553 3012 deinde
581 2952 784 3012 Parmenionis
817 2951 1016 3029 interceptam,
1051 2973 1138 3034 quarn

120 3049 161 3109 ad
183 3049 260 3107 filios
284 3047 460 3107 Nicanorem
486 3055 518 3105 et
545 3047 695 3106 Philotam
722 3047 888 3126 scripserat,
915 3047 1030 3124 recitat,
1059 3048 1165 3108 haud·

120 3146 191 3206 sane
205 3144 347 3202 indicium
359 3144 502 3222 gravioris
516 3143 631 3202 consilii
651 3145 863 3224 praeferentem.
906 3143 1042 3226 Namque
1063 3161 1137 3204 sum·

120 3261 169 3302 ma
195 3243 260 3318 ejus
283 3240 345 3298 hanc
372 3246 455 3298 erat:
485 3242 502 3272 “
515 3237 652 3298 Primrlm
678 3238 769 3298 vestri
796 3258 895 3298 curam
922 3240 1008 3320 agite,
1031 3239 1136 3300 deinde

120 3342 306 3397 vestrorum:
328 3335 370 3394 sic
394 3334 480 3408 enim,
504 3354 570 3413 quae
593 3333 811 3410 destinavimus,
840 3335 1021 3395 efficiemus.''
1077 3333 1137 3394 Ad·

125 3433 256 3510 jeoitque
269 3430 347 3504 Rex,
361 3429 403 3488 sio
416 3449 480 3490 esse
503 3430 650 3507 scriptam,
664 3437 707 3504 ut,
723 3430 783 3489 sive
797 3431 834 3489 ad
854 3432 929 3491 filios
950 3430 1137 3508 pervenisset,

120 3551 138 3588 a
151 3526 277 3602 consciis
289 3534 390 3604 posset
411 3525 548 3606 intelligi,
561 3526 624 3586 sive
647 3527 811 3604 intercepta
824 3533 910 3602 esset,
932 3511 1048 3584 falleret
1061 3524 1137 3601 igna-

120 3643 178 3684 ros
222 3623 296 3681 “At
318 3622 397 3681 enim
421 3621 563 3700 Dymnus,
591 3622 660 3680 edm
688 3628 809 3680 caeteros
837 3607 1137 3699 participes'sceleris

121 3718 275 3792 indicaret,
290 3717 439 3776 Philotam
464 3736 522 3775 non
544 3717 713 3777 nominavit.
757 3717 824 3776 Hoo
846 3715 965 3796 quidem
985 3713 1066 3774 illius
1080 3733 1138 3773 non

121 3813 295 3874 innocentiae
307 3811 359 3872 sed
371 3811 511 3892 potentiae
525 3811 665 3873 indicium
679 3818 733 3887 est,
748 3809 825 3892 qubd
847 3810 890 3868 sio
904 3810 941 3870 ab
955 3809 992 3868 iis
1007 3805 1136 3884 timetur,
