2592 4400
420 389 541 428 arana
568 387 629 427 111.
659 387 743 428 car.
772 387 823 426 x1.
1086 373 1125 427 25

111 526 221 608 quibs!
241 533 373 605 praeerat,
394 533 460 586 ante
483 526 577 604 ipsum
601 545 716 585 currum
738 525 829 606 Regis
851 526 967 602 objecit,
987 524 1076 584 armis
1096 531 1131 584 et
1168 589 1176 609 .

18 626 92 682 660
110 622 215 681 robore
230 621 356 698 corporis
369 621 496 680 multum
510 640 596 698 super
606 628 727 680 caeteros
747 621 884 696 eminens,
899 621 993 680 animo
1006 622 1076 680 verb
1096 627 1127 678 et

111 719 222 794 pietate
237 718 256 746 ¹¹
269 716 299 773 in
311 715 510 793 paucissimis;
533 715 584 774 1110
597 715 698 792 utique
710 715 810 793 praelio
820 715 924 790 clarus,
938 715 1011 773 alios
1024 715 1127 792 impro

110 811 179 871 vide
189 811 329 869 instantes
341 810 507 887 prostravit,
522 809 595 869 alios
605 810 863 889 infngamavertit.
891 810 936 868 At
945 809 1126 885 Macedones,

111 907 163 984 qui
183 906 259 965 cirea
282 905 391 984 Regem
412 912 502 980 erant,
517 911 619 964 mutue
639 904 841 964 adhortatione
853 905 967 979 firmati,
982 923 1049 963 eum
1063 905 1126 981 ipso

110 1003 142 1060 in
155 1001 283 1078 equitum
298 1019 398 1079 agmen
411 1001 579 1077 irrumpunt.
622 999 697 1060 eum
709 999 778 1058 verb
792 999 897 1058 similis
909 999 1001 1059 ruinae
1015 1006 1127 1078 strages

31 1098 180 1158 careret
234 1093 317 1154 Circa
341 1113 456 1154 currum
479 1094 564 1153 Darii
584 1094 720 1171 jacebant
743 1092 917 1154 nobilissimi
943 1093 1039 1168 duces,
1060 1100 1127 1152 ante

111 1189 210 1248 oculos
237 1189 328 1267 Regis
358 1189 476 1268 egregia
502 1195 593 1247 morte
619 1187 756 1263 defuncti,
783 1206 883 1247 omnes
910 1188 941 1245 in
961 1207 1012 1246 ora
1030 1189 1125 1265 proni,

113 1282 189 1344 sicut
177 1283 379 1342 tdimicantes
403 1284 623 1361 procubuerant,
649 1283 799 1343 ¹'adverso
820 1301 938 1361 corpore
957 1283 1127 1344 vulneribus
1164 1321 1166 1325 -

112 1378 246 1455 acceptis.
288 1378 370 1437 Inter
388 1378 442 1438 hos
455 1378 584 1456 Atizyes,
599 1385 630 1436 et
639 1378 850 1453 Rheomithres,
866 1386 898 1438 et
911 1378 1035 1439 Sabaces
1047 1378 1125 1438 Prae-

112 1481 160 1532 tor
184 1473 315 1552 AEgypti,
339 1493 507 1552 magnorum
531 1473 709 1532 exercituum
731 1474 1125 1551 ρι1010011,10101111)01ι1ιιι·;
1185 1522 1196 1548 ,

41 1565 190 1648 cyrcirda
203 1586 252 1626 eos
266 1567 410 1626 cumulata
433 1575 496 1627 erat
518 1557 648 1646 peditum
668 1563 849 1647 equitumque
868 1569 1015 1629 obscurior
1029 1570 1124 1630 turba.

2 1653 7 1658 ’
112 1662 303 1722 Macedonum
325 1681 447 1741 quoque,
469 1681 526 1720 non
545 1662 662 1741 quidem
684 1663 778 1738 multi,
793 1663 845 1722 sed
863 1664 1070 1741 promptissimi
1084 1671 1126 1722 ta·

2 1805 4 1814 ,
111 1777 188 1832 men,
202 1757 268 1818 eaesi
282 1765 355 1816 sunt
406 1757 488 1816 Inter
507 1777 578 1834 quos
591 1758 755 1816 Alexandri
767 1757 903 1818 dextrum
915 1760 1010 1818 femur
1022 1759 1126 1819 leviter

111 1871 246 1912 mucrone
261 1853 281 1880 11
291 1851 474 1928 perstrictum
488 1859 539 1912 est.
568 1869 573 1876 ·

174 1951 219 2006 27.
242 1947 377 2025 Jamque,
401 1947 451 2026 qui
474 1948 596 2007 Darium
620 1947 761 2007 vehebant
785 1947 851 2026 equi
874 1947 999 2006 confossi
1024 1947 1125 2022 hastis,
1181 2011 1190 2032 ἡ

34 2039 143 2112 alsae
165 2042 262 2102 dolore
286 2042 405 2116 efferati,
427 2043 528 2121 jugum
550 2049 675 2128 quatere,
697 2049 727 2100 et
751 2043 862 2122 Regem
884 2062 971 2102 curru
993 2049 1126 2104 excutere

112 2144 276 2215 coeperant:
297 2139 364 2195 crim
377 2137 437 2213 ille,
451 2138 560 2196 veritus
573 2157 610 2196 ne
624 2137 707 2196 vivus
723 2138 836 2198 veniret
848 2138 879 2195 in
891 2137 1020 2199 hostium
1032 2147 1126 2217 potes·

1 2261 6 2275 ·
112 2239 212 2307 tatem,
228 2220 334 2307 desilit,
349 2232 399 2290 et
391 2252 421 2290 ιιι
435 2252 546 2311 equum,
561 2232 622 2315 qui
625 2232 695 2290 ad
707 2232 869 2310 hoe1psum
882 2234 1126 2312 sequebatur,im·

112 2328 247 2405 ponitur:
280 2327 442 2405 insignibus
468 2348 579 2405 quoque
607 2324 737 2404 Imperii,
764 2348 801 2387 ne
833 2329 931 2408 fugam
963 2330 1125 2407 proderent,

2 2415 4 2419 ⁷
111 2406 245 2483 indecore
260 2422 387 2499 abjectis.
431 2423 506 2503 Tum
519 2424 587 2481 verb
601 2423 699 2482 caeteri
720 2423 896 2501 dissipantur
909 2433 1006 2501 metu;
1028 2427 1127 2503 etqua
1177 2480 1186 2495 ,

42 2517 214 2595 afferrique
236 2518 355 2594 patebat
376 2516 413 2575 ad
437 2498 575 2595 fugam
548 2536 604 2593 vra,
618 2526 777 2594 erumpunt,
791 2538 872 2577 arma
892 2519 1128 2597 jacientesque

113 2614 200 2691 panld
225 2614 291 2671 ante
317 2613 354 2671 ad
375 2613 494 2671 tutelam
517 2632 667 2691 corporum
687 2617 923 2691 sumpserantz¹
926 2615 1017 2673 ‘adeo
1039 2634 1128 2692 pavor

112 2708 203 2766 etiam
232 2707 342 2765 auxilia
371 2707 514 2766 formidat.
557 2707 689 2769 Instabat
708 2709 886 2787 fngientibus
907 2729 1030 2789 equesa
1056 2710 1126 2768 Par-

112 2803 244 2870 menione
265 2804 382 2879 missus,
397 2810 428 2861 et
447 2800 523 2861 forte
543 2803 573 2860 in
597 2803 628 2861 id
648 2824 738 2863 cornu
750 2823 848 2863 omnes
867 2805 937 2883 fuga
956 2805 1124 2865 abstulerat

112 2898 156 2957 At
170 2899 201 2956 in
222 2897 332 2972 dextro,
347 2898 445 2957 Persae
467 2896 620 2957 Thessalos
642 2898 754 2977 equites
773 2898 957 2958 vehementer
976 2891 1124 2979 urgebarit.
1172 2931 1177 2940 =

61 2992 239 3073 &demque
262 3012 317 3051 une
331 2994 377 3051 ala
400 2994 462 3070 ipso
483 2994 591 3070 impetu
611 2994 775 3070 proculcata
794 3001 865 3070 erat,
881 2996 901 3023 11
912 2997 980 3052 edm
994 2995 1142 3069 Thessali,

2 3086 5 3092 ’
113 3087 228 3165 dilapsi,
243 3090 357 3147 strenue
382 3088 561 3147 circumactis
584 3089 673 3168 equis,
688 3109 787 3148 rursus
806 3090 838 3147 in
849 3090 980 3167 praelium
993 3087 1126 3167 redeunt,

113 3200 281 3261 sparsosque
305 3191 334 3241 et
357 3184 561 3261 incompositos
574 3186 705 3245 victoriae
722 3185 828 3244 fiducia
848 3186 994 3255 Barbaros
1014 3186 1127 3266 ingenti
1188 3175 1190 3178 ¹

111 3277 190 3337 caede
203 3297 270 3355 pros
271 3284 396 3337 ternunt
435 3278 516 3403 111111
535 3280 645 3357 pariter
659 3280 825 3361 equitesque
845 3282 1043 3358 Persarum‚¹⁷
1053 3282 1127 3351 serie

111 3372 283 3431 laminarum
302 3357 443 3452 graves‚¹
447 3375 574 3453 ⁸agmen,
595 3375 673 3453 quod
693 3376 791 3435 eelerit
779 3383 839 3435 atte
859 3377 984 3435 maxime
1005 3384 1125 3451 constet,
1161 3405 1166 3415 ·

40 3470 189 3553 quasgrd
203 3467 413 3528 moliebantur:
434 3470 539 3547 quippe
562 3471 593 3528 in
615 3470 840 3551 circumagendis
854 3472 937 3551 equis
957 3472 1016 3531 suis
1038 3471 1126 3530 Thes

112 3562 166 3621 sali
179 3562 286 3623 multos
300 3573 516 3641 occupaverant.
569 3565 634 3625 Hac
647 3571 854 3644 tamprosperh
867 3570 964 3647 pugne
977 3566 1124 3640 nunciata,

111 3658 282 3717 Alexander
299 3678 357 3717 non
379 3660 446 3717 ante
468 3679 554 3719 ausus
576 3662 710 3741 persequi
734 3662 881 3737 barbaros,
902 3663 1046 3739 utrimque
1064 3662 1125 3737 jam

99 3752 204 3833 ¹vietor
218 3753 327 3811 instare
340 3752 522 3831 fugientibus
536 3756 621 3833 coepit
622 3800 628 3814 .
609 3756 760 3815 tHand
774 3756 900 3833 amplias
914 3758 1025 3835 Regem
1037 3758 1125 3834 quam

45 3886 48 3893 ·
109 3847 191 3909 mille
204 3847 316 3926 equites
337 3848 534 3926 sequebantur,
549 3853 617 3908 crim
638 3851 737 3929 ingens
758 3851 914 3911 multitudo
935 3850 1125 3925 hostiumca:
1156 3853 1160 3863 ’
1190 3903 1196 3910 ,
1292 3889 1293 3900 ι

274 3946 292 3999 2
392 4012 394 4016 .
