2592 4400
391 288 514 328 runnu
543 288 634 327 vrur.
664 289 747 327 cur.
778 288 811 329 x.
1059 273 1112 333 201

97 434 286 505 perderetur3
308 422 494 486 nl'unimentis
506 426 597 500 urbis,
611 444 696 503 quum
708 426 869 501 obsidebat,
883 427 1013 488 incensis.
1055 427 1116 491 on

96 526 196 581 terum
220 522 290 582 dum
313 521 499 600 obequitabat
522 520 674 596 moenibus,
700 522 808 600 segittt
831 522 906 581 ictus
928 530 979 583 est.
1031 523 1116 609 Cepit

96 624 194 677 tumen
216 617 361 695 oppidum,
385 624 415 675 et
435 616 569 676 omnibus
590 616 695 675 incolis
719 618 781 692 ejus
801 616 962 692 trucidatis,
976 618 1063 678 etiam
1085 619 1115 679 iu

95 719 175 771 tecte
197 712 334 772 saevitum
353 718 406 771 est.
449 710 524 769 Inde
547 710 656 769 domiti
680 710 801 789 ignobili
824 719 917 789 gente,
941 712 979 771 ed
1003 712 1114 793 Nysnm

94 807 196 867 urbem
216 807 355 883 pervenit
382 806 485 864 forte
507 805 612 864 cestris
632 813 699 865 unte
721 806 825 864 moenie
846 806 908 883 ipsu
928 807 958 865 iu
978 808 1114 885 sylvestri

95 902 158 961 looo
172 902 285 979 positis,
299 907 475 960 nocturnum
487 901 581 979 frigus
594 900 794 959 vehementius
807 902 894 978 quim
907 902 982 961 ulibs
995 902 1112 964 horrore

95 1016 216 1074 corpore
248 996 354 1070 effecit,
388 996 655 1072 ⁴opportunumque
688 994 847 1053 remedium
879 995 956 1073 ignis
984 997 1112 1057 oblatum

95 1098 147 1151 est
191 1090 284 1151 Oaesis
295 1090 402 1169 quippe
424 1089 516 1168 sylvis
536 1090 678 1148 flammam
701 1089 919 1149 excitaverunt:
939 1110 1005 1169 quae
1025 1092 1111 1171 lignis

94 1186 167 1244 clito
191 1185 398 1263 oppidanorum
422 1184 571 1262 sepulchre
594 1184 815 1262 comprehendit.
871 1185 1000 1245 Vetusto
1026 1188 1110 1247 cedro

93 1282 172 1339 fucta
194 1286 287 1355 erant,
310 1287 533 1357 conceptumque
555 1279 653 1357 ignem
679 1279 739 1338 late
762 1278 872 1354 fudere,
901 1279 988 1339 donec
1015 1283 1111 1341 omnia

93 1376 155 1435 solo
181 1382 298 1453 aequetu
325 1382 402 1435 sunt.
457 1374 500 1433 Et
531 1394 568 1433 ex
594 1373 666 1434 urbe
700 1374 823 1451 primum
850 1394 951 1435 cenum
977 1376 1108 1452 latratus,

93 1470 199 1532 deinde
226 1470 315 1528 etium
339 1468 486 1527 hominum
509 1468 645 1528 fremitus
671 1468 787 1529 auditus
815 1476 866 1529 est.
919 1470 994 1529 Tum
1013 1478 1043 1531 et
1062 1492 1109 1550 op·

92 1564 196 1642 piduni
221 1564 341 1640 hostem,
369 1571 400 1623 et
427 1564 601 1623 Macedones
626 1564 704 1641 ipsos
731 1564 769 1623 ed
795 1565 894 1625 urbem
913 1567 1025 1627 veniisse
1046 1587 1108 1647 cog·

92 1667 223 1724 1108611Πί

155 1759 202 1815 33.
224 1754 351 1833 Jamque
377 1753 445 1814 Rex
470 1752 608 1811 eduxerat
630 1754 735 1831 copias,
762 1761 792 1813 et
818 1755 924 1815 moenie
950 1756 1106 1831 obsidebat,

92 1852 183 1909 ‘cum
205 1849 342 1925 hostium,
364 1849 416 1927 qui
439 1849 593 1908 discrimen
616 1855 805 1924 tentaverunt,
829 1849 925 1909 obruti
945 1851 1012 1910 telis
1032 1858 1106 1913 snut

92 1945 174 2006 Aliis
197 1947 267 2023 ergb
281 1944 468 2020 deditionem,
492 1944 559 2005 nliie
582 1964 707 2023 pugnum
728 1944 855 2021 experiri
875 1944 1021 2023 placebat:
1041 1966 1108 2025 quo·

92 2062 161 2101 rum
174 2040 353 2100 dubitatione
375 2045 529 2117 comperte,
543 2038 739 2097 circumsideri
760 2042 876 2098 tantum
898 2058 956 2115 eos,
972 2047 1000 2099 et
1021 2041 1107 2101 absti-

91 2137 159 2195 neri
184 2136 310 2198 ccedibus
336 2134 431 2214 jussit
487 2134 671 2213 Tandemque
698 2133 856 2194 obsidionis
880 2135 965 2193 melis
992 2135 1108 2216 fatigati

93 2232 234 2292 dedidere
257 2251 295 2292 se.
338 2232 369 2290 A
394 2230 500 2291 Libero
523 2237 606 2308 patre
627 2229 758 2289 conditos
779 2249 809 2288 se
829 2250 891 2290 esse
905 2231 1055 2310 dicebant,
1077 2239 1106 2292 et

92 2348 166 2388 vera
186 2328 250 2386 hee
271 2326 350 2405 origo
372 2333 442 2387 erut
492 2326 558 2386 Sita
580 2332 625 2384 est
650 2326 703 2387 sub
724 2324 869 2387 radicibus
888 2328 1003 2402 montis,
1023 2348 1106 2406 quem

93 2423 199 2482 Meron
212 2421 313 2480 ineolae
325 2421 481 2499 appellant.
521 2419 595 2480 Inde
610 2419 705 2480 Graeci
720 2421 878 2480 mentiendi
891 2426 1008 2482 traxere
1021 2423 1097 2482 licen

91 2519 174 2592 tium,
188 2516 275 2576 «Iovis
298 2515 405 2590 femine
417 2515 555 2575 Liberum
575 2523 689 2592 putrem
702 2534 765 2574 esse
786 2515 917 2577 celatum.
958 2518 1034 2594 Rex,
1050 2517 1108 2576 situ

91 2612 200 2670 montis
213 2611 328 2689 cognito
351 2629 389 2668 ex
410 2609 523 2685 incolis,
537 2629 603 2668 cum
626 2617 687 2668 toto
701 2611 839 2686 exercitu,
859 2613 1013 2688 praemissis
1034 2632 1107 2670 com·

91 2706 246 2780 mentibus,
259 2706 395 2765 verticem
418 2707 481 2781 ejus
501 2705 635 2765 escendit
677 2705 772 2764 Multa
789 2705 894 2764 hedera
906 2707 1030 2784 vitisque
1044 2713 1108 2764 toto

91 2801 226 2882 gignitur
245 2807 348 2860 moute.
390 2801 494 2860 Multae
516 2819 652 2877 perennes
665 2821 746 2879 nqueo
764 2806 889 2860 manunt.
932 2801 1108 2860 ⁰Pomorum

92 2915 209 2976 quoque
221 2895 295 2956 varii
317 2895 501 2974 salubresque
521 2895 598 2955 succi
621 2903 697 2970 eunt,
711 2899 765 2954 suet
787 2901 889 2972 sponte
902 2895 1107 2955 ⁷fortuitorum

93 2992 236 3052 seminum
255 2992 355 3068 fruges
375 2990 462 3048 humo
482 2990 635 3050 nutriente
686 2990 787 3066 Lauri,
810 2989 993 3068 bcocurisque
1016 2990 1108 3050 multe
1144 3000 1146 3004 “

93 3087 199 3147 inillis
212 3085 333 3163 rupibus
345 3084 468 3164 agrestis
482 3093 527 3144 est
539 3086 629 3164 sylva.
672 3084 765 3147 (iredo
778 3084 911 3164 equidem
932 3105 989 3145 non
1011 3087 1107 3147 divino

94 3182 244 3256 instinctu,
268 3179 321 3240 sed
345 3179 467 3240 lascivit
489 3198 552 3240 esse
572 3187 729 3258 provectos,
750 3188 784 3239 ut
807 3185 917 3258 passim
937 3181 1052 3242 hederee
1075 3201 1108 3242 ac

94 3277 202 3340 vitium
232 3275 305 3334 folio
336 3274 528 3352 decerperent,
555 3275 740 3354 redimitique
773 3275 874 3334 froude
906 3282 968 3336 toto
995 3297 1109 3337 nemore

95 3372 206 3432 similes
227 3369 430 3431 bucchuutibus
451 3376 631 3448 vagarentur.
674 3369 805 3432 Vocibus
827 3372 894 3450 ergo
908 3378 952 3430 tot
972 3372 1108 3446 millium,

94 3464 248 3546 praesidem
270 3464 396 3524 nemoris
409 3465 473 3541 ejus
486 3464 580 3523 Deum
601 3464 793 3541 udor-entium,
805 3467 877 3544 juge
889 3466 997 3524 montis
1011 3466 1109 3524 colles·

95 3581 150 3642 que
173 3559 356 3635 reeombane,
379 3561 447 3617 crim
470 3566 535 3617 ortu
557 3558 676 3618 licentis
700 3581 717 3618 a
739 3561 838 3638 paucis
859 3559 904 3636 (ut
926 3559 987 3619 iere
1014 3560 1057 3638 fit)
1077 3560 1109 3619 in

96 3675 194 3717 omues
218 3675 251 3715 se
273 3657 392 3732 repente
413 3653 568 3734 vulgneeet
610 3653 734 3733 Quippe,
756 3655 836 3714 velut
862 3655 894 3712 in
915 3652 1011 3712 mediet
1030 3673 1109 3732 pecc,

95 3773 145 3834 per
157 3751 265 3812 herbas
277 3756 498 3830 congestumque
515 3749 654 3824 frondem,
668 3755 884 3828 prostraverunt
903 3767 1028 3826 corpora.
1070 3749 1112 3810 Et

261 3846 298 3904 9*
