2592 4400
425 420 548 461 urere
577 420 611 461 v.
644 420 729 461 car.
752 420 794 459 11.
1079 403 1116 459 85
1198 476 1200 481 .

101 560 155 621 Ex
179 559 299 637 pecunie
311 558 418 619 deinde
440 558 612 637 Babyloniae
634 548 744 619 tradite
765 558 953 619 Macedonum
973 558 1119 637 equitibus

100 656 226 714 sexceni
249 655 360 715 denarii
384 655 505 715 tributi:
525 654 693 733 peregrinus
713 674 798 733 eques
818 655 976 734 quingenos
991 654 1118 731 accepit:

102 751 125 779 ⁴⁸
135 750 262 811 ducenos
274 750 371 827 pedes,
385 750 474 809 trium
488 743 663 827 stipendium
675 751 823 810 mensium.

15 849 95 957 (ja
168 846 213 905 ΙΙ.
237 849 262 905 7.
284 845 343 906 His
366 845 410 903 ita
435 845 608 921 compositis,
632 845 665 903 in
690 846 845 923 regionem,
873 865 938 924 ques
965 844 1122 922 Satrapene

103 932 236 1015 vocatur,
250 940 388 1021 pervenit.
429 940 551 998 Fertilis
573 947 659 1014 terra,
672 941 755 1017 copia
776 960 883 1015 rerum,
898 948 929 999 et
952 941 1027 999 omni
1048 960 1122 999 com·

104 1042 208 1095 meatu
222 1035 377 1096 abundans.
419 1036 522 1113 Itaque
536 1035 664 1095 ¹diutius
677 1036 718 1095 ibi
733 1035 879 1112 substitit;
903 1056 945 1111 ac,
959 1056 995 1093 ne
1010 1036 1124 1093 desides

107 1130 173 1207 otiq
191 1130 378 1189 demitterent
401 1131 519 1205 animos,
540 1131 652 1207 judices
674 1131 765 1205 dedit,
779 1132 950 1209 praemiaque
972 1130 1124 1208 proposuit

106 1226 146 1285 de
159 1226 269 1285 virtute
281 1225 403 1284 militari
415 1226 599 1294 certantibus.
641 1224 671 1285 N
673 1245 763 1300 orem,
774 1226 823 1304 qui
836 1226 988 1286 fortissimi
1000 1224 1125 1302 judicati
1139 1220 1148 1242 l

26 1313 214 1419 (stererant,
240 1320 363 1399 singulis
384 1321 511 1379 militum
533 1322 664 1380 millibus
686 1322 841 1399 praefuturi
862 1328 955 1397 erant,
972 1320 1123 1399 (ccum
1157 1315 1159 1319 ’

106 1418 181 1504 cleos
203 1416 366 1495 vocabant)
380 1423 448 1475 tunc
471 1418 599 1493 primdm
620 1417 651 1475 in
673 1416 748 1476 hune
760 1437 910 1476 numerum
924 1417 1014 1495 copiis
1029 1416 1124 1475 distri-

106 1507 202 1579 bntls.
244 1510 398 1590 ²,Namque
424 1514 510 1569 antee
536 1511 731 1591 quingenariae
764 1512 895 1573 cohortes
921 1513 1046 1587 fuerant,
1073 1530 1125 1570 neo

106 1605 291 1665 fortitudinis
302 1606 421 1682 praemia
434 1595 586 1667 cesserant
628 1606 737 1685 Ingens
750 1607 876 1667 militum
890 1609 975 1668 turba
990 1626 1125 1667 convene

11 1742 13 1749 ι
106 1708 166 1777 rat,
180 1701 296 1780 egregio
310 1702 484 1761 interfutura
505 1702 665 1777 certamini,
678 1702 763 1763 testis
783 1702 901 1761 ⁸eadem
921 1706 1056 1781 cujusque
1069 1703 1125 1761 fac·

22 1794 96 1851 [90
107 1805 217 1873 torum,
232 1804 262 1855 et
275 1797 331 1856 ‘de
351 1796 497 1873 judicibus
518 1797 612 1857 latura
633 1798 824 1857 sententiam:
845 1798 950 1877 quippe
964 1800 1069 1859 rerbne
1090 1817 1127 1855 an

107 1892 187 1951 falso
210 1892 299 1951 honos
321 1892 422 1970 cuique
443 1892 606 1967 haberetur,
620 1892 748 1971 ignorari
768 1913 824 1951 non
845 1900 967 1969 poterat.
1010 1894 1127 1952 Primus

108 1988 240 2046 omnium
252 1988 372 2046 virtutis
384 1993 472 2046 canet
492 1989 614 2047 donatus
635 1995 680 2048 est
694 1986 849 2047 Atharrias
864 1988 966 2063 senior,
981 1988 1030 2067 qui
1044 1988 1127 2048 omis·

108 2103 176 2149 sum
197 2083 274 2159 apud
294 2083 530 2142 Halicarnassum
543 2102 561 2142 a
571 2084 735 2160 junioribus
754 2083 894 2160 praelium,
908 2104 982 2143 unus
1002 2083 1126 2142 maxime

110 2180 300 2255 accenderat3
321 2178 472 2256 proximus
493 2178 522 2238 ei
542 2178 703 2258 Antigenes
716 2180 796 2240 visus
816 2186 876 2257 est,
899 2181 1018 2239 tertium
1032 2180 1128 2239 locum

20 2297 24 2302 ’
46 2271 63 2320 l
71 2265 248 2336 tsPhilotae
269 2276 387 2354 Angeus
401 2275 542 2351 obtinuit;
564 2284 685 2353 quartus
710 2277 849 2354 Amyntae
871 2275 957 2335 datus
981 2283 1041 2353 est3
1063 2282 1128 2353 post

109 2371 166 2430 hos
178 2371 355 2449 Antigonus,
369 2378 399 2430 et
422 2371 459 2430 ab
483 2390 517 2428 eo
532 2371 690 2448 Lyncestes
711 2372 856 2450 Amyntas
878 2372 951 2449 fuis,
974 2366 1128 2450 septimum

110 2467 208 2525 locum
227 2465 409 2542 Theodotus,
432 2468 467 2500 ⁶*
490 2467 506 2499 ‘⁸
528 2469 560 2543 *3
583 2467 717 2525 ultimum
730 2467 857 2526 obtinuit
871 2467 1049 2528 Hellanicus.
1091 2467 1129 2526 In

111 2562 267 2651 discipline
293 2581 403 2641 quoque
429 2563 564 2623 militaris
586 2563 629 2621 rei
653 2563 818 2641 pleraqnea
838 2563 996 2640 majoribus
1021 2563 1128 2622 tradita

112 2661 229 2718 summa
241 2658 368 2716 utilitate
382 2660 513 2718 mutavit.
536 2657 614 2716 Nam
627 2661 696 2716 crim
709 2659 776 2716 ante
792 2659 903 2737 equites
917 2659 1040 2718 insuam
1052 2659 1128 2736 quis·

12 2789 19 2816 =‚
40 2762 105 2846 [71
111 2772 170 2830 que
189 2759 305 2832 gentem
325 2753 563 2828 describerentur,
585 2755 717 2812 seorsum
738 2774 755 2812 a
775 2753 907 2830 caeteris,
929 2761 1060 2830 exempto
1081 2773 1128 2811 na-

111 2842 227 2906 tiohum
254 2847 427 2922 discrimine,
454 2848 613 2922 Praefectis,
641 2867 698 2907 non
725 2848 825 2926 utique
854 2867 969 2907 suarum
989 2849 1127 2925 gentium,

12 2940 13 2947 '
113 2943 167 3002 sed
188 2942 309 3002 delectis
331 2943 472 3003 attribuit.
515 2943 607 3018 Tube,
621 2945 689 3001 edm
712 2950 807 3002 eastra
826 2961 940 3002 movere
955 2943 1052 3017 vellet,
1074 2943 1129 3022 sig-

112 3059 184 3098 num
207 3038 310 3114 dabat,
332 3041 414 3115 cujus
440 3058 526 3098 sonus
546 3039 723 3118 plerumque,
747 3038 982 3098 tumultuantium
1010 3039 1129 3098 fremitu

113 3123 270 3208 exbriente,
283 3133 360 3191 haud
383 3134 455 3192 satis
478 3133 694 3194 exaudiebatur.
738 3134 817 3213 Ergo
838 3134 987 3212 perticam,
1001 3155 1066 3213 quae
1079 3146 1129 3193 un·

58 3229 203 3334 lqlffiqud
230 3228 357 3305 conspici
390 3236 497 3306 posset,
526 3249 613 3306 supra
641 3229 814 3307 praetorium
847 3230 969 3306 stetuit;
1004 3251 1039 3290 ex
1071 3237 1129 3310 qut

115 3325 232 3404 siguum
244 3324 388 3382 eminebat
401 3323 511 3400 pariter
524 3324 656 3386 omnibus
677 3326 868 3403 conspicuum.
912 3326 1130 3387 Observabatur

114 3420 191 3499 ignis
203 3425 300 3493 noctu,
314 3420 413 3476 fumus
425 3419 563 3478 interdiu.

175 3518 202 3575 8.
224 3513 350 3591 Jamque
374 3514 450 3574 Susa
464 3516 474 3543 ⁰
486 3515 513 3573 ei
534 3513 659 3590 adituro,
673 3514 810 3576 Abulites
830 3515 956 3594 regionis
976 3517 1037 3592 ejus
1051 3513 1130 3574 Pree-

113 3611 217 3684 fectus,
232 3610 293 3669 sive
318 3609 401 3677 Darii
420 3612 511 3686 jussu,
524 3617 560 3668 ut
573 3610 773 3670 Alexandrum
795 3607 893 3688 praeda
912 3611 1056 3685 retineret,
1071 3610 1130 3668 sive

51 3685 167 3765 Wsua
181 3712 291 3782 sponte,
304 3704 396 3763 filium
409 3704 523 3764 obviam
544 3705 635 3781 misit,
651 3705 825 3765 traditurum
847 3724 879 3764 se
892 3705 992 3763 urbem
1013 3704 1130 3781 promit

115 3808 186 3860 tens.
228 3799 360 3878 Benigne
372 3801 504 3876 juvenem
525 3800 639 3877 excepit
654 3801 729 3875 Rex,
743 3807 773 3860 et
792 3819 825 3859 eo
839 3799 959 3858 duce-ad
981 3797 1131 3876 Choaspen

115 3915 226 3955 amnem
249 3894 389 3973 pervenit,
412 3893 565 3952 delicatam
589 3893 636 3971 (ut
659 3895 738 3954 fama
760 3898 817 3973 est)
839 3893 991 3954 vehentem
1019 3913 1128 3973 aquam.
