2592 4400
387 421 509 460 ornan
540 420 600 460 111.
634 421 720 460 cnr.
749 421 821 460 vri.
1076 403 1109 458 17

15 563 19 570 '
94 577 170 636 gem,
186 577 219 616 ac
232 559 348 636 plenum
362 557 444 618 bonas
464 558 524 636 spci
546 558 623 618 fecit.
674 558 788 636 Itaque,
811 560 831 588 ¹⁸
842 558 900 618 “Si
915 557 995 632 Dii,'’
1007 557 1112 634 inquit,

97 657 113 686 “
125 653 272 729 Philipps,
287 654 341 713 tibi
355 654 561 729 permisissent,
581 673 637 730 quo
651 654 776 711 maximo
789 653 872 712 modo
886 654 1012 710 animum
1026 652 1114 710 velles

97 747 224 824 experiri
245 768 347 832 meum,
371 748 428 806 alio
453 748 581 824 profect&
606 748 762 823 voluisses:
793 748 844 806 sed
865 748 1015 806 certiorem
1027 748 1115 824 quam

99 849 238 920 expertus
265 833 312 916 es,
329 863 365 900 ne
391 847 522 919 optasses
554 842 675 920 quidam
731 843 799 900 Hac
832 842 954 920 epistola
987 845 1114 918 accepta,
1158 907 1162 914 Ι

11 940 196 1016 &stamen
219 937 295 1014 quod
319 937 445 996 dilueras
458 937 536 1012 bibi,
559 943 589 995 ct
611 956 686 994 nuno
707 937 797 1011 crede,
811 957 857 994 me
876 956 934 994 non
953 937 1051 993 minsis
1063 954 1116 1011 pro

79 1009 154 1090 “turi
168 1031 233 1106 fide,
246 1035 333 1109 quam
346 1052 397 1108 pro
411 1035 475 1089 mea
487 1033 577 1091 salute
587 1051 650 1090 esse
664 1031 848 1091 sollicitum.'’
889 1031 963 1090 Haec
976 1031 1116 1102 elocutus,

102 1129 252 1186 dexteram
266 1127 402 1204 Philippo
417 1127 507 1186 offert.
579 1159 582 1164 ,

167 1225 210 1280 15.
233 1219 378 1282 Caeterum
402 1227 484 1279 tanta
505 1221 550 1280 vis
573 1221 771 1280 medicaminis
790 1221 857 1295 fuit,
878 1226 912 1278 ut
934 1239 999 1297 quse
1021 1225 1118 1277 secuta

102 1323 178 1391 sunt,
212 1316 438 1374 criminationem
472 1317 671 1375 Parmenionis
705 1315 876 1392 adjuverint.
939 1314 1118 1372 Interclusus
1164 1343 1169 1351 ·

21 1410 226 1487 Mspiritus
252 1413 331 1468 arcta
357 1411 479 1484 meabat,
501 1430 554 1468 nec
581 1410 739 1487 Philippus
760 1410 916 1488 quidquam
936 1409 1119 1486 inexpertum

103 1505 210 1565 omisit.
264 1505 320 1562 Ille
344 1505 469 1563 fomenta
491 1505 602 1582 corpori
630 1506 755 1580 admisit,
782 1506 834 1563 ille
858 1511 1019 1581 torpentem
1046 1523 1120 1561 nunc

104 1601 172 1676 cibi,
197 1597 271 1658 nnnc
293 1600 383 1659 1⁴vini
405 1600 491 1658 odore
511 1600 656 1660 excitavit.
698 1602 803 1678 Atque,
817 1608 851 1657 ut
870 1600 997 1675 primum
1016 1599 1120 1657 mentis

104 1703 266 1771 compotem
287 1715 348 1753 esse
369 1694 468 1769 sensit,
490 1694 573 1752 modb
595 1695 706 1768 matris,
721 1714 913 1772 sororumque,
927 1695 1011 1752 modd
1032 1701 1121 1751 tantae
1142 1708 1178 1800 (Ἰ

105 1790 236 1849 victoriae
263 1789 516 1867 appropinquantis
544 1788 694 1848 admonere
722 1809 778 1847 non
808 1789 929 1848 destitit.
981 1789 1024 1848 Ut
1051 1789 1120 1847 vero

24 1879 103 1944 3ss
106 1885 345 1944 medicamentum
371 1903 400 1961 se
428 1883 545 1941 diffudit
571 1886 602 1941 in
624 1903 720 1958 venas,
742 1891 771 1942 ct
795 1885 900 1942 sensim
921 1889 984 1940 toto
1004 1901 1121 1958 corpore

108 1979 264 2040 salubritas
277 1979 386 2055 percipi
406 1979 511 2055 potuit,
524 1978 617 2054 primb
641 1979 752 2036 animus
764 1979 893 2056 vigorem
914 1997 1005 2051 suum,
1019 1977 1122 2034 deinde

108 2093 212 2150 corpus
225 2093 335 2150 quoquc
349 2072 545 2149 expectatione
559 2072 704 2130 maturitas
717 2072 915 2149 recuperavit:
937 2072 1043 2149 quippe
1056 2079 1122 2148 post

108 2169 228 2252 tertium
244 2168 328 2242 diem,
342 2170 428 2246 quam
448 2167 479 2225 in
500 2166 554 2226 hoc
576 2173 657 2226 statu
676 2167 782 2242 fuerat,
793 2168 824 2225 in
846 2173 1029 2244 conspectum
1050 2166 1122 2225 mili·

111 2272 173 2323 tnm
200 2263 287 2322 venit
344 2262 407 2321 Nec
435 2262 550 2322 avidius
577 2262 671 2339 ipsum
695 2263 814 2341 Regem,
841 2265 928 2340 quam
954 2263 1124 2339 Philippum

20 2360 94 2441 320
110 2358 278 2419 intuebatur
300 2358 460 2416 exercitus:
481 2378 533 2434 pro
556 2377 586 2415 se
607 2357 727 2435 quisque
747 2358 892 2416 dexteram
913 2360 975 2433 ejus
989 2357 1137 2434 amplexi,

111 2446 208 2533 grates
218 2452 369 2526 habebant,
382 2452 462 2511 velut
472 2452 607 2528 praesenti
615 2452 686 2511 Deo.
722 2451 854 2530 Namque
863 2452 940 2510 haud
949 2453 1034 2510 facila
1045 2453 1125 2510 dictu

113 2556 166 2623 est,
180 2554 285 2624 praeter
299 2546 455 2625 ingenitam
476 2547 521 2604 illi
534 2547 613 2625 genti
626 2566 695 2625 erga
707 2547 803 2625 Reges
823 2567 890 2608 suos
903 2547 1124 2621 venerationem,

112 2644 255 2722 quantdm
276 2642 363 2718 hujus
385 2643 484 2719 utiquo
506 2641 597 2721 Regis
624 2642 671 2700 vel
692 2642 875 2700 admirationi
896 2642 987 2700 dediti
1007 2643 1124 2715 fuerint,

64 2754 68 2763 “
113 2737 160 2798 vel
183 2736 325 2795 charitate
346 2737 539 2815 flagraverint.
592 2737 662 2795 Jam
683 2738 808 2814 primum
830 2737 912 2812 nihil,
940 2738 1000 2796 sine
1027 2737 1125 2797 divina
1144 2755 1176 2790 ϊ,

36 2838 178 2923 3qtqpe,
192 2831 311 2909 aggredi
325 2831 482 2891 videbatur.
526 2833 546 2859 ¹⁵
559 2830 635 2889 Nam
656 2836 723 2889 cum
736 2837 813 2890 esset
833 2837 939 2909 praesto
952 2832 1057 2909 ubique
1070 2832 1126 2890 for-

115 2934 196 3001 tuna,
211 2926 359 2985 temeritas
380 2926 410 2983 in
432 2926 554 3004 gloriam
575 2934 716 2984 cesserat:
738 2928 837 2985 ¹⁶aetas
850 2946 961 3004 quoque
974 2927 1024 2985 vix
1037 2926 1127 2984 tantis

114 3029 230 3105 matura
249 3021 343 3095 rebus,
358 3020 408 3079 sed
428 3020 539 3079 abunda
565 3015 715 3094 sufficiens,
730 3021 826 3077 omnia
847 3021 935 3078 etiam
959 3023 1020 3097 ejus
1042 3041 1128 3097 opera

115 3115 303 3181 honestabat:
333 3122 362 3172 et
385 3135 448 3192 quas
469 3114 577 3173 leviora
598 3114 699 3174 haberi
722 3114 821 3189 solent,
849 3115 1016 3193 plerumque,
1040 3116 1070 3173 in
1096 3120 1135 3173 re'

114 3210 238 3269 militari
260 3209 389 3287 gratiora
402 3209 489 3287 vulgo
511 3216 596 3285 sunt,
619 3209 787 3267 exercitatio
801 3211 930 3285 corporis
943 3211 1020 3268 inter
1040 3211 1127 3287 ipsos,

58 3301 213 3387 qmpltus
241 3303 411 3382 habitusque
437 3303 589 3380 paululdm
616 3323 634 3361 a
661 3304 775 3380 privato
802 3304 965 3380 abhorrens,
991 3305 1129 3363 militaris

116 3400 217 3477 vigor,
247 3399 330 3475 queis
353 3398 403 3456 ille
424 3396 470 3458 vel
493 3398 603 3476 ingenii
625 3398 751 3478 dotibus,
772 3399 820 3457 vel
841 3398 930 3457 animi
953 3400 1074 3473 artibus,
1096 3406 1129 3455 ut

117 3493 226 3573 pariter
241 3512 323 3550 carus
337 3512 370 3551 ac
380 3492 557 3553 venerandus
572 3500 657 3567 essct,
673 3493 812 3553 effecerat.

155 3588 256 3647 ·V11.
283 3592 325 3645 16.
347 3589 391 3646 At
417 3587 524 3645 Darius
545 3589 648 3645 nuncio
662 3578 712 3645 ’de
739 3587 861 3646 adversa
884 3587 1047 3647 valetudine
1067 3589 1130 3662 ejus

118 3689 243 3763 acceptu,
257 3682 414 3754 celeritate,
428 3688 565 3759 quantam
586 3700 686 3757 capere
700 3690 760 3739 tam
780 3702 866 3760 grave
887 3702 987 3759 agmen
1008 3688 1129 3757 poterat,
1167 3682 1173 3691 ⁴

49 3776 170 3848 arrad.
183 3762 367 3854 Euphratem
393 3776 555 3835 contendit:
586 3777 758 3854 ¹juner0que
785 3796 818 3834 eo
840 3777 984 3853 pontibus,
1008 3776 1131 3854 quinque

49 3912 52 3919 ·
119 3879 216 3933 tamen
230 3872 334 3933 diebus
357 3870 474 3947 trajecit
492 3871 659 3944 exercitum,
675 3869 806 3930 Ciliciam
826 3889 962 3946 occupare
981 3869 1129 3929 festinans.
