<?xml version="1.0" encoding="UTF-8"?>
<!DOCTYPE html PUBLIC "-//W3C//DTD XHTML 1.0 Transitional//EN"
    "http://www.w3.org/TR/xhtml1/DTD/xhtml1-transitional.dtd">
<html xmlns="http://www.w3.org/1999/xhtml" xml:lang="en" lang="en">
 <head>
  <title>
</title>
<meta http-equiv="Content-Type" content="text/html;charset=utf-8" />
  <meta name='ocr-system' content='tesseract 3.04.00' />
  <meta name='ocr-capabilities' content='ocr_page ocr_carea ocr_par ocr_line ocrx_word'/>
</head>
<body>
  <div class='ocr_page' id='page_1' title='image "./quintuscurtiusr00crosgoog_0220.png"; bbox 0 0 2592 4400; ppageno 0'>
   <div class='ocr_carea' id='block_1_1' title="bbox 373 308 1113 370">
    <p class='ocr_par' dir='ltr' id='par_1_1' title="bbox 373 308 1113 370">
     <span class='ocr_line' id='line_1_1' title="bbox 373 308 1113 370; baseline 0.004 -3"><span class='ocrx_word' id='word_1_1' title='bbox 373 328 495 368; x_wconf 79' lang='lat' dir='ltr'><strong>arnna</strong></span> <span class='ocrx_word' id='word_1_2' title='bbox 517 326 608 367; x_wconf 79' lang='lat' dir='ltr'><strong>viu.</strong></span> <span class='ocrx_word' id='word_1_3' title='bbox 636 326 722 368; x_wconf 78' lang='lat' dir='ltr'><strong>aar.</strong></span> <span class='ocrx_word' id='word_1_4' title='bbox 740 327 853 369; x_wconf 64' lang='lat'><strong>1111.</strong></span> <span class='ocrx_word' id='word_1_5' title='bbox 1053 308 1113 370; x_wconf 79' lang='lat'><strong>207</strong></span> 
     </span>
    </p>
   </div>
   <div class='ocr_carea' id='block_1_2' title="bbox 72 465 1171 3883">
    <p class='ocr_par' dir='ltr' id='par_1_2' title="bbox 95 465 1171 1496">
     <span class='ocr_line' id='line_1_2' title="bbox 95 465 1113 546; baseline 0.001 -20"><span class='ocrx_word' id='word_1_6' title='bbox 95 467 171 526; x_wconf 85' lang='lat' dir='ltr'><strong>nihil</strong></span> <span class='ocrx_word' id='word_1_7' title='bbox 190 465 285 543; x_wconf 84' lang='lat' dir='ltr'><strong>magis</strong></span> <span class='ocrx_word' id='word_1_8' title='bbox 305 466 631 546; x_wconf 69' lang='lat' dir='ltr'><strong>quintanensium</strong></span> <span class='ocrx_word' id='word_1_9' title='bbox 655 466 793 544; x_wconf 78' lang='lat' dir='ltr'><strong>perfidiae.</strong></span> <span class='ocrx_word' id='word_1_10' title='bbox 837 466 939 527; x_wconf 81' lang='lat' dir='ltr'><strong>Laetus</strong></span> <span class='ocrx_word' id='word_1_11' title='bbox 959 466 1113 545; x_wconf 81' lang='lat' dir='ltr'><strong>&#39;simpliei-</strong></span> 
     </span>
     <span class='ocr_line' id='line_1_3' title="bbox 96 561 1113 642; baseline 0 -21"><span class='ocrx_word' id='word_1_12' title='bbox 96 570 160 621; x_wconf 89' lang='lat' dir='ltr'><strong>tate</strong></span> <span class='ocrx_word' id='word_1_13' title='bbox 175 562 306 621; x_wconf 88' lang='lat' dir='ltr'><strong>Barbari</strong></span> <span class='ocrx_word' id='word_1_14' title='bbox 320 561 387 619; x_wconf 87' lang='lat' dir='ltr'><strong>Rex</strong></span> <span class='ocrx_word' id='word_1_15' title='bbox 400 568 432 621; x_wconf 91' lang='lat' dir='ltr'><strong>et</strong></span> <span class='ocrx_word' id='word_1_16' title='bbox 453 562 588 642; x_wconf 83' lang='lat' dir='ltr'><strong>dextram</strong></span> <span class='ocrx_word' id='word_1_17' title='bbox 602 562 670 621; x_wconf 86' lang='lat' dir='ltr'><strong>fidei</strong></span> <span class='ocrx_word' id='word_1_18' title='bbox 692 582 752 621; x_wconf 86' lang='lat' dir='ltr'><strong>suae</strong></span> <span class='ocrx_word' id='word_1_19' title='bbox 766 562 871 641; x_wconf 88' lang='lat' dir='ltr'><strong>pignus</strong></span> <span class='ocrx_word' id='word_1_20' title='bbox 896 562 988 638; x_wconf 92' lang='lat' dir='ltr'><strong>dedit,</strong></span> <span class='ocrx_word' id='word_1_21' title='bbox 1002 569 1033 621; x_wconf 92' lang='lat' dir='ltr'><strong>et</strong></span> <span class='ocrx_word' id='word_1_22' title='bbox 1051 580 1113 642; x_wconf 86' lang='lat' dir='ltr'><strong>reg·</strong></span> 
     </span>
     <span class='ocr_line' id='line_1_4' title="bbox 95 656 1114 737; baseline 0.002 -22"><span class='ocrx_word' id='word_1_23' title='bbox 95 678 167 716; x_wconf 89' lang='lat' dir='ltr'><strong>nnrn</strong></span> <span class='ocrx_word' id='word_1_24' title='bbox 181 658 323 716; x_wconf 71' lang='lat' dir='ltr'><strong>restituit.</strong></span> <span class='ocrx_word' id='word_1_25' title='bbox 365 656 584 735; x_wconf 72' lang='lat' dir='ltr'><strong>Quinquaginta</strong></span> <span class='ocrx_word' id='word_1_26' title='bbox 605 677 657 717; x_wconf 89' lang='lat' dir='ltr'><strong>sex</strong></span> <span class='ocrx_word' id='word_1_27' title='bbox 682 658 829 735; x_wconf 73' lang='lat' dir='ltr'>elephanti</span> <span class='ocrx_word' id='word_1_28' title='bbox 854 664 946 732; x_wconf 90' lang='lat' dir='ltr'><strong>erant,</strong></span> <span class='ocrx_word' id='word_1_29' title='bbox 961 676 1034 737; x_wconf 89' lang='lat' dir='ltr'><strong>quos</strong></span> <span class='ocrx_word' id='word_1_30' title='bbox 1056 664 1114 717; x_wconf 87' lang='lat' dir='ltr'><strong>tra·</strong></span> 
     </span>
     <span class='ocr_line' id='line_1_5' title="bbox 97 752 1114 832; baseline 0.002 -22"><span class='ocrx_word' id='word_1_31' title='bbox 97 752 176 810; x_wconf 91' lang='lat' dir='ltr'><strong>didit</strong></span> <span class='ocrx_word' id='word_1_32' title='bbox 213 752 393 828; x_wconf 84' lang='lat' dir='ltr'><strong>Alexandra,</strong></span> <span class='ocrx_word' id='word_1_33' title='bbox 420 752 570 831; x_wconf 89' lang='lat' dir='ltr'><strong>multaque</strong></span> <span class='ocrx_word' id='word_1_34' title='bbox 605 772 709 829; x_wconf 82' lang='lat' dir='ltr'><strong>perora</strong></span> <span class='ocrx_word' id='word_1_35' title='bbox 745 753 860 812; x_wconf 87' lang='lat' dir='ltr'><strong>eximiae</strong></span> <span class='ocrx_word' id='word_1_36' title='bbox 897 753 1114 832; x_wconf 73' lang='lat' dir='ltr'><strong>magnitudinis.</strong></span> 
     </span>
     <span class='ocr_line' id='line_1_6' title="bbox 98 846 1116 928; baseline 0.002 -23"><span class='ocrx_word' id='word_1_37' title='bbox 98 850 118 877; x_wconf 82' lang='lat'><strong>¹⁰</strong></span> <span class='ocrx_word' id='word_1_38' title='bbox 128 847 244 905; x_wconf 74' lang='lat' dir='ltr'><strong>Tauros</strong></span> <span class='ocrx_word' id='word_1_39' title='bbox 262 846 316 905; x_wconf 80' lang='lat' dir='ltr'><strong>&#39;ad-</strong></span> <span class='ocrx_word' id='word_1_40' title='bbox 328 848 386 905; x_wconf 88' lang='lat' dir='ltr'><strong>tria</strong></span> <span class='ocrx_word' id='word_1_41' title='bbox 409 847 510 921; x_wconf 88' lang='lat' dir='ltr'><strong>millia,</strong></span> <span class='ocrx_word' id='word_1_42' title='bbox 524 847 684 924; x_wconf 90' lang='lat' dir='ltr'><strong>pretiosum</strong></span> <span class='ocrx_word' id='word_1_43' title='bbox 710 850 744 905; x_wconf 75' lang='lat' dir='ltr'><strong>ei</strong></span> <span class='ocrx_word' id='word_1_44' title='bbox 767 848 894 925; x_wconf 83' lang='lat' dir='ltr'><strong>regione,</strong></span> <span class='ocrx_word' id='word_1_45' title='bbox 909 854 1116 928; x_wconf 78' lang='lat' dir='ltr'><strong>arreptumque</strong></span> 
     </span>
     <span class='ocr_line' id='line_1_7' title="bbox 98 939 1116 1021; baseline 0.004 -22"><span class='ocrx_word' id='word_1_46' title='bbox 98 942 205 999; x_wconf 88' lang='lat' dir='ltr'><strong>animis</strong></span> <span class='ocrx_word' id='word_1_47' title='bbox 227 942 411 1019; x_wconf 72' lang='lat' dir='ltr'><strong>regnantium</strong></span> <span class='ocrx_word' id='word_1_48' title='bbox 430 950 596 1001; x_wconf 77' lang='lat' dir='ltr'><strong>armentum.</strong></span> <span class='ocrx_word' id='word_1_49' title='bbox 653 939 804 1012; x_wconf 74' lang='lat' dir='ltr'><strong>Quaerenti</strong></span> <span class='ocrx_word' id='word_1_50' title='bbox 825 942 1003 1017; x_wconf 86' lang='lat' dir='ltr'><strong>Alexandro,</strong></span> <span class='ocrx_word' id='word_1_51' title='bbox 1017 944 1116 1021; x_wconf 87' lang='lat' dir='ltr'><strong>plures</strong></span> 
     </span>
     <span class='ocr_line' id='line_1_8' title="bbox 98 1036 1117 1116; baseline 0.002 -21"><span class='ocrx_word' id='word_1_52' title='bbox 98 1037 291 1115; x_wconf 70' lang='lat' dir='ltr'><strong>agricultores</strong></span> <span class='ocrx_word' id='word_1_53' title='bbox 312 1036 440 1111; x_wconf 86' lang='lat' dir='ltr'><strong>haberet,</strong></span> <span class='ocrx_word' id='word_1_54' title='bbox 460 1056 498 1095; x_wconf 91' lang='lat' dir='ltr'><strong>an</strong></span> <span class='ocrx_word' id='word_1_55' title='bbox 512 1036 645 1095; x_wconf 84' lang='lat' dir='ltr'><strong>milites?</strong></span> <span class='ocrx_word' id='word_1_56' title='bbox 667 1040 684 1073; x_wconf 87' lang='lat'>“</span> <span class='ocrx_word' id='word_1_57' title='bbox 694 1056 760 1095; x_wconf 89' lang='lat' dir='ltr'><strong>eum</strong></span> <span class='ocrx_word' id='word_1_58' title='bbox 774 1036 888 1097; x_wconf 89' lang='lat' dir='ltr'><strong>duobus</strong></span> <span class='ocrx_word' id='word_1_59' title='bbox 913 1036 1045 1116; x_wconf 85' lang='lat' dir='ltr'><strong>Regibus</strong></span> <span class='ocrx_word' id='word_1_60' title='bbox 1059 1038 1117 1099; x_wconf 87' lang='lat' dir='ltr'><strong>bel·</strong></span> 
     </span>
     <span class='ocr_line' id='line_1_9' title="bbox 99 1130 1114 1213; baseline 0.002 -24"><span class='ocrx_word' id='word_1_61' title='bbox 99 1132 174 1189; x_wconf 84' lang='lat' dir='ltr'><strong>lauti</strong></span> <span class='ocrx_word' id='word_1_62' title='bbox 198 1130 266 1205; x_wconf 90' lang='lat' dir='ltr'><strong>sibi,</strong></span> <span class='ocrx_word' id='word_1_63' title='bbox 280 1134 389 1207; x_wconf 83' lang='lat' dir='ltr'><strong>majore</strong></span> <span class='ocrx_word' id='word_1_64' title='bbox 403 1132 532 1190; x_wconf 92' lang='lat' dir='ltr'><strong>militum</strong></span> <span class='ocrx_word' id='word_1_65' title='bbox 549 1151 636 1211; x_wconf 88' lang='lat' dir='ltr'><strong>quam</strong></span> <span class='ocrx_word' id='word_1_66' title='bbox 650 1132 808 1211; x_wconf 76' lang='lat' dir='ltr'><strong>agrestium</strong></span> <span class='ocrx_word' id='word_1_67' title='bbox 827 1152 915 1191; x_wconf 89' lang='lat' dir='ltr'><strong>manu</strong></span> <span class='ocrx_word' id='word_1_68' title='bbox 935 1152 1008 1213; x_wconf 90' lang='lat' dir='ltr'><strong>opus</strong></span> <span class='ocrx_word' id='word_1_69' title='bbox 1022 1132 1114 1207; x_wconf 87' lang='lat' dir='ltr'><strong>eese‚”</strong></span> 
     </span>
     <span class='ocr_line' id='line_1_10' title="bbox 99 1226 1118 1305; baseline 0.001 -21"><span class='ocrx_word' id='word_1_70' title='bbox 99 1226 259 1305; x_wconf 86' lang='lat' dir='ltr'><strong>respondit.</strong></span> <span class='ocrx_word' id='word_1_71' title='bbox 301 1226 442 1287; x_wconf 78' lang='lat' dir='ltr'><strong>Abisares</strong></span> <span class='ocrx_word' id='word_1_72' title='bbox 458 1233 496 1285; x_wconf 80' lang='lat' dir='ltr'><strong>‘et</strong></span> <span class='ocrx_word' id='word_1_73' title='bbox 520 1227 615 1285; x_wconf 87' lang='lat' dir='ltr'><strong>Porus</strong></span> <span class='ocrx_word' id='word_1_74' title='bbox 637 1231 729 1301; x_wconf 87' lang='lat' dir='ltr'><strong>erant,</strong></span> <span class='ocrx_word' id='word_1_75' title='bbox 750 1228 801 1285; x_wconf 88' lang='lat' dir='ltr'><strong>sed</strong></span> <span class='ocrx_word' id='word_1_76' title='bbox 822 1228 852 1285; x_wconf 92' lang='lat' dir='ltr'><strong>in</strong></span> <span class='ocrx_word' id='word_1_77' title='bbox 873 1228 950 1287; x_wconf 88' lang='lat' dir='ltr'><strong>Puro</strong></span> <span class='ocrx_word' id='word_1_78' title='bbox 971 1227 1118 1288; x_wconf 85' lang='lat' dir='ltr'><strong>eminebat</strong></span> 
     </span>
     <span class='ocr_line' id='line_1_11' title="bbox 100 1308 1171 1402; baseline 0.002 -23"><span class='ocrx_word' id='word_1_79' title='bbox 100 1322 269 1381; x_wconf 73' lang='lat' dir='ltr'><strong>auctoritas.</strong></span> <span class='ocrx_word' id='word_1_80' title='bbox 323 1322 453 1401; x_wconf 88' lang='lat' dir='ltr'><strong>Uterque</strong></span> <span class='ocrx_word' id='word_1_81' title='bbox 476 1322 558 1380; x_wconf 87' lang='lat' dir='ltr'><strong>ultra</strong></span> <span class='ocrx_word' id='word_1_82' title='bbox 580 1321 743 1401; x_wconf 80' lang='lat' dir='ltr'><strong>Hydaspen</strong></span> <span class='ocrx_word' id='word_1_83' title='bbox 766 1342 878 1381; x_wconf 87' lang='lat' dir='ltr'><strong>amnem</strong></span> <span class='ocrx_word' id='word_1_84' title='bbox 902 1324 1057 1402; x_wconf 77' lang='lat' dir='ltr'><strong>regnabat3</strong></span> <span class='ocrx_word' id='word_1_85' title='bbox 1088 1329 1119 1382; x_wconf 85' lang='lat' dir='ltr'><strong>et</strong></span> <span class='ocrx_word' id='word_1_86' title='bbox 1161 1308 1171 1317; x_wconf 50' lang='grc'>’</span> 
     </span>
     <span class='ocr_line' id='line_1_12' title="bbox 100 1417 1062 1496; baseline 0.001 -20"><span class='ocrx_word' id='word_1_87' title='bbox 100 1417 171 1477; x_wconf 87' lang='lat' dir='ltr'><strong>belli</strong></span> <span class='ocrx_word' id='word_1_88' title='bbox 185 1418 341 1491; x_wconf 87' lang='lat' dir='ltr'><strong>fortunam,</strong></span> <span class='ocrx_word' id='word_1_89' title='bbox 357 1417 488 1496; x_wconf 87' lang='lat' dir='ltr'><strong>quisquis</strong></span> <span class='ocrx_word' id='word_1_90' title='bbox 502 1437 583 1475; x_wconf 85' lang='lat' dir='ltr'><strong>arma</strong></span> <span class='ocrx_word' id='word_1_91' title='bbox 596 1417 728 1492; x_wconf 78' lang='lat' dir='ltr'><strong>inferret,</strong></span> <span class='ocrx_word' id='word_1_92' title='bbox 743 1417 872 1495; x_wconf 87' lang='lat' dir='ltr'><strong>experiri</strong></span> <span class='ocrx_word' id='word_1_93' title='bbox 887 1420 1062 1479; x_wconf 83' lang='lat' dir='ltr'><strong>deereverat.</strong></span> 
     </span>
    </p>

    <p class='ocr_par' dir='ltr' id='par_1_3' title="bbox 72 1511 1122 3384">
     <span class='ocr_line' id='line_1_13' title="bbox 162 1511 1118 1593; baseline 0.003 -23"><span class='ocrx_word' id='word_1_94' title='bbox 162 1516 211 1570; x_wconf 79' lang='lat'><strong>41.</strong></span> <span class='ocrx_word' id='word_1_95' title='bbox 235 1511 368 1589; x_wconf 89' lang='lat' dir='ltr'><strong>Omphis,</strong></span> <span class='ocrx_word' id='word_1_96' title='bbox 389 1513 578 1589; x_wconf 84' lang='lat' dir='ltr'><strong>permittente</strong></span> <span class='ocrx_word' id='word_1_97' title='bbox 604 1512 786 1588; x_wconf 89' lang='lat' dir='ltr'><strong>Alexandro,</strong></span> <span class='ocrx_word' id='word_1_98' title='bbox 810 1521 840 1572; x_wconf 93' lang='lat' dir='ltr'><strong>et</strong></span> <span class='ocrx_word' id='word_1_99' title='bbox 865 1515 979 1593; x_wconf 88' lang='lat' dir='ltr'><strong>regium</strong></span> <span class='ocrx_word' id='word_1_100' title='bbox 1006 1514 1118 1593; x_wconf 85' lang='lat' dir='ltr'><strong>insigne</strong></span> 
     </span>
     <span class='ocr_line' id='line_1_14' title="bbox 101 1599 1117 1687; baseline 0.003 -21"><span class='ocrx_word' id='word_1_101' title='bbox 101 1608 236 1685; x_wconf 83' lang='lat' dir='ltr'><strong>sumpsit,</strong></span> <span class='ocrx_word' id='word_1_102' title='bbox 252 1614 282 1665; x_wconf 90' lang='lat' dir='ltr'><strong>et</strong></span> <span class='ocrx_word' id='word_1_103' title='bbox 294 1627 375 1666; x_wconf 88' lang='lat' dir='ltr'><strong>more</strong></span> <span class='ocrx_word' id='word_1_104' title='bbox 387 1608 485 1685; x_wconf 88' lang='lat' dir='ltr'><strong>gentis</strong></span> <span class='ocrx_word' id='word_1_105' title='bbox 498 1626 569 1682; x_wconf 80' lang='lat' dir='ltr'><strong>suae,</strong></span> <span class='ocrx_word' id='word_1_106' title='bbox 583 1627 688 1666; x_wconf 88' lang='lat' dir='ltr'><strong>nomen</strong></span> <span class='ocrx_word' id='word_1_107' title='bbox 701 1609 781 1687; x_wconf 86' lang='lat' dir='ltr'><strong>quod</strong></span> <span class='ocrx_word' id='word_1_108' title='bbox 794 1599 887 1686; x_wconf 88' lang='lat' dir='ltr'><strong>patris</strong></span> <span class='ocrx_word' id='word_1_109' title='bbox 901 1612 1006 1670; x_wconf 88' lang='lat' dir='ltr'><strong>fuerat.</strong></span> <span class='ocrx_word' id='word_1_110' title='bbox 1044 1610 1117 1669; x_wconf 74' lang='lat' dir='ltr'><strong>Tax-</strong></span> 
     </span>
     <span class='ocr_line' id='line_1_15' title="bbox 100 1703 1120 1783; baseline 0.003 -22"><span class='ocrx_word' id='word_1_111' title='bbox 100 1704 171 1761; x_wconf 88' lang='lat' dir='ltr'><strong>ilem</strong></span> <span class='ocrx_word' id='word_1_112' title='bbox 195 1703 377 1779; x_wconf 76' lang='lat' dir='ltr'><strong>appellavere</strong></span> <span class='ocrx_word' id='word_1_113' title='bbox 399 1704 563 1781; x_wconf 87' lang='lat' dir='ltr'><strong>populares,</strong></span> <span class='ocrx_word' id='word_1_114' title='bbox 585 1704 604 1731; x_wconf 84' lang='lat'><strong>²¹</strong></span> <span class='ocrx_word' id='word_1_115' title='bbox 614 1711 755 1782; x_wconf 87' lang='lat' dir='ltr'><strong>sequente</strong></span> <span class='ocrx_word' id='word_1_116' title='bbox 776 1705 891 1763; x_wconf 89' lang='lat' dir='ltr'><strong>nomine</strong></span> <span class='ocrx_word' id='word_1_117' title='bbox 913 1704 1074 1783; x_wconf 88' lang='lat' dir='ltr'><strong>imperium,</strong></span> <span class='ocrx_word' id='word_1_118' title='bbox 1088 1705 1120 1764; x_wconf 88' lang='lat' dir='ltr'><strong>in</strong></span> 
     </span>
     <span class='ocr_line' id='line_1_16' title="bbox 72 1788 1119 1877; baseline 0.003 -21"><span class='ocrx_word' id='word_1_119' title='bbox 72 1854 86 1871; x_wconf 76' lang='lat'><strong>,</strong></span> <span class='ocrx_word' id='word_1_120' title='bbox 102 1818 313 1877; x_wconf 88' lang='lat' dir='ltr'><strong>quemeumque</strong></span> <span class='ocrx_word' id='word_1_121' title='bbox 337 1788 487 1857; x_wconf 85' lang='lat' dir='ltr'><strong>transiret.</strong></span> <span class='ocrx_word' id='word_1_122' title='bbox 531 1798 612 1877; x_wconf 81' lang='lat' dir='ltr'><strong>Ilrgd</strong></span> <span class='ocrx_word' id='word_1_123' title='bbox 630 1802 696 1857; x_wconf 78' lang='lat' dir='ltr'><strong>anm</strong></span> <span class='ocrx_word' id='word_1_124' title='bbox 713 1800 909 1877; x_wconf 89' lang='lat' dir='ltr'><strong>pertriduum</strong></span> <span class='ocrx_word' id='word_1_125' title='bbox 932 1800 1119 1877; x_wconf 84' lang='lat' dir='ltr'><strong>hospitaliter</strong></span> 
     </span>
     <span class='ocr_line' id='line_1_17' title="bbox 103 1893 1120 1975; baseline 0 -22"><span class='ocrx_word' id='word_1_126' title='bbox 103 1894 309 1953; x_wconf 84' lang='lat' dir='ltr'><strong>Alexandrum</strong></span> <span class='ocrx_word' id='word_1_127' title='bbox 337 1895 504 1971; x_wconf 86' lang='lat' dir='ltr'><strong>aeaepisset,</strong></span> <span class='ocrx_word' id='word_1_128' title='bbox 531 1902 638 1973; x_wconf 88' lang='lat' dir='ltr'><strong>quarto</strong></span> <span class='ocrx_word' id='word_1_129' title='bbox 667 1893 724 1969; x_wconf 90' lang='lat' dir='ltr'><strong>die,</strong></span> <span class='ocrx_word' id='word_1_130' title='bbox 753 1902 783 1953; x_wconf 90' lang='lat' dir='ltr'><strong>et</strong></span> <span class='ocrx_word' id='word_1_131' title='bbox 809 1902 953 1975; x_wconf 84' lang='lat' dir='ltr'><strong>quantum</strong></span> <span class='ocrx_word' id='word_1_132' title='bbox 980 1894 1120 1954; x_wconf 81' lang='lat' dir='ltr'><strong>frumenti</strong></span> 
     </span>
     <span class='ocr_line' id='line_1_18' title="bbox 102 1988 1120 2067; baseline -0.001 -19"><span class='ocrx_word' id='word_1_133' title='bbox 102 1988 205 2067; x_wconf 86' lang='lat' dir='ltr'><strong>eopiis,</strong></span> <span class='ocrx_word' id='word_1_134' title='bbox 219 2008 291 2067; x_wconf 87' lang='lat' dir='ltr'><strong>quas</strong></span> <span class='ocrx_word' id='word_1_135' title='bbox 315 1989 506 2065; x_wconf 80' lang='lat' dir='ltr'><strong>Hephaestion</strong></span> <span class='ocrx_word' id='word_1_136' title='bbox 521 1988 652 2064; x_wconf 88' lang='lat' dir='ltr'><strong>duxerat,</strong></span> <span class='ocrx_word' id='word_1_137' title='bbox 667 1989 823 2067; x_wconf 85' lang='lat' dir='ltr'><strong>praebitum</strong></span> <span class='ocrx_word' id='word_1_138' title='bbox 837 2010 855 2047; x_wconf 89' lang='lat' dir='ltr'><strong>a</strong></span> <span class='ocrx_word' id='word_1_139' title='bbox 874 2010 905 2049; x_wconf 88' lang='lat' dir='ltr'><strong>se</strong></span> <span class='ocrx_word' id='word_1_140' title='bbox 925 1998 1011 2065; x_wconf 85' lang='lat' dir='ltr'><strong>esset,</strong></span> <span class='ocrx_word' id='word_1_141' title='bbox 1027 1998 1120 2050; x_wconf 89' lang='lat' dir='ltr'><strong>osten·</strong></span> 
     </span>
     <span class='ocr_line' id='line_1_19' title="bbox 104 2084 1120 2164; baseline 0.002 -21"><span class='ocrx_word' id='word_1_142' title='bbox 104 2084 170 2143; x_wconf 89' lang='lat' dir='ltr'><strong>dit:</strong></span> <span class='ocrx_word' id='word_1_143' title='bbox 191 2092 222 2141; x_wconf 92' lang='lat' dir='ltr'><strong>et</strong></span> <span class='ocrx_word' id='word_1_144' title='bbox 244 2103 346 2143; x_wconf 87' lang='lat' dir='ltr'><strong>aureas</strong></span> <span class='ocrx_word' id='word_1_145' title='bbox 368 2103 487 2143; x_wconf 84' lang='lat' dir='ltr'><strong>coronas</strong></span> <span class='ocrx_word' id='word_1_146' title='bbox 510 2085 576 2162; x_wconf 91' lang='lat' dir='ltr'><strong>ipsi,</strong></span> <span class='ocrx_word' id='word_1_147' title='bbox 592 2084 748 2164; x_wconf 78' lang='lat' dir='ltr'><strong>amicisque</strong></span> <span class='ocrx_word' id='word_1_148' title='bbox 773 2085 914 2159; x_wconf 89' lang='lat' dir='ltr'><strong>omnibus,</strong></span> <span class='ocrx_word' id='word_1_149' title='bbox 929 2093 1036 2163; x_wconf 85' lang='lat' dir='ltr'><strong>praeter</strong></span> <span class='ocrx_word' id='word_1_150' title='bbox 1057 2086 1120 2145; x_wconf 86' lang='lat' dir='ltr'><strong>haee</strong></span> 
     </span>
     <span class='ocr_line' id='line_1_20' title="bbox 104 2179 1119 2262; baseline 0.003 -23"><span class='ocrx_word' id='word_1_151' title='bbox 104 2180 212 2260; x_wconf 86' lang='lat' dir='ltr'><strong>signati</strong></span> <span class='ocrx_word' id='word_1_152' title='bbox 226 2180 340 2258; x_wconf 87' lang='lat' dir='ltr'><strong>argenti</strong></span> <span class='ocrx_word' id='word_1_153' title='bbox 353 2180 500 2258; x_wconf 80' lang='lat' dir='ltr'><strong>octoginta</strong></span> <span class='ocrx_word' id='word_1_154' title='bbox 514 2179 625 2239; x_wconf 84' lang='lat' dir='ltr'><strong>talenta</strong></span> <span class='ocrx_word' id='word_1_155' title='bbox 638 2180 714 2240; x_wconf 89' lang='lat' dir='ltr'><strong>dono</strong></span> <span class='ocrx_word' id='word_1_156' title='bbox 730 2180 818 2240; x_wconf 89' lang='lat' dir='ltr'><strong>dedit.</strong></span> <span class='ocrx_word' id='word_1_157' title='bbox 857 2179 926 2251; x_wconf 82' lang='lat' dir='ltr'><strong>Qua</strong></span> <span class='ocrx_word' id='word_1_158' title='bbox 940 2180 1119 2262; x_wconf 85' lang='lat' dir='ltr'><strong>benignitate</strong></span> 
     </span>
     <span class='ocr_line' id='line_1_21' title="bbox 104 2274 1120 2355; baseline 0.002 -21"><span class='ocrx_word' id='word_1_159' title='bbox 104 2279 170 2352; x_wconf 88' lang='lat' dir='ltr'><strong>ejus</strong></span> <span class='ocrx_word' id='word_1_160' title='bbox 185 2274 355 2334; x_wconf 84' lang='lat' dir='ltr'><strong>Alexander</strong></span> <span class='ocrx_word' id='word_1_161' title='bbox 368 2275 439 2334; x_wconf 76' lang='lat' dir='ltr'><strong>mire</strong></span> <span class='ocrx_word' id='word_1_162' title='bbox 453 2275 548 2350; x_wconf 84' lang='lat' dir='ltr'><strong>laetus,</strong></span> <span class='ocrx_word' id='word_1_163' title='bbox 562 2283 593 2334; x_wconf 93' lang='lat' dir='ltr'><strong>et</strong></span> <span class='ocrx_word' id='word_1_164' title='bbox 606 2291 673 2355; x_wconf 83' lang='lat' dir='ltr'><strong>quae</strong></span> <span class='ocrx_word' id='word_1_165' title='bbox 685 2276 712 2335; x_wconf 90' lang='lat' dir='ltr'><strong>is</strong></span> <span class='ocrx_word' id='word_1_166' title='bbox 726 2276 847 2336; x_wconf 87' lang='lat' dir='ltr'><strong>dederat</strong></span> <span class='ocrx_word' id='word_1_167' title='bbox 859 2277 981 2353; x_wconf 84' lang='lat' dir='ltr'><strong>remisit,</strong></span> <span class='ocrx_word' id='word_1_168' title='bbox 997 2283 1026 2336; x_wconf 91' lang='lat' dir='ltr'><strong>et</strong></span> <span class='ocrx_word' id='word_1_169' title='bbox 1039 2277 1120 2336; x_wconf 88' lang='lat' dir='ltr'><strong>mille</strong></span> 
     </span>
     <span class='ocr_line' id='line_1_22' title="bbox 104 2370 1120 2452; baseline 0.004 -24"><span class='ocrx_word' id='word_1_170' title='bbox 104 2371 218 2429; x_wconf 86' lang='lat' dir='ltr'><strong>talenta</strong></span> <span class='ocrx_word' id='word_1_171' title='bbox 240 2389 279 2428; x_wconf 89' lang='lat' dir='ltr'><strong>ex</strong></span> <span class='ocrx_word' id='word_1_172' title='bbox 302 2370 412 2448; x_wconf 69' lang='lat' dir='ltr'><strong>praede,</strong></span> <span class='ocrx_word' id='word_1_173' title='bbox 430 2390 518 2450; x_wconf 86' lang='lat' dir='ltr'><strong>quam</strong></span> <span class='ocrx_word' id='word_1_174' title='bbox 541 2370 675 2446; x_wconf 86' lang='lat' dir='ltr'><strong>vehebat,</strong></span> <span class='ocrx_word' id='word_1_175' title='bbox 698 2371 825 2448; x_wconf 79' lang='lat' dir='ltr'><strong>adjerit:</strong></span> <span class='ocrx_word' id='word_1_176' title='bbox 854 2372 1003 2452; x_wconf 87' lang='lat' dir='ltr'><strong>multaque</strong></span> <span class='ocrx_word' id='word_1_177' title='bbox 1026 2372 1120 2432; x_wconf 87' lang='lat' dir='ltr'><strong>eonvi-</strong></span> 
     </span>
     <span class='ocr_line' id='line_1_23' title="bbox 105 2455 1120 2546; baseline 0 -20"><span class='ocrx_word' id='word_1_178' title='bbox 105 2466 183 2526; x_wconf 82' lang='lat' dir='ltr'><strong>ralia</strong></span> <span class='ocrx_word' id='word_1_179' title='bbox 207 2485 245 2524; x_wconf 86' lang='lat' dir='ltr'><strong>ex-</strong></span> <span class='ocrx_word' id='word_1_180' title='bbox 259 2485 330 2524; x_wconf 88' lang='lat' dir='ltr'><strong>aura</strong></span> <span class='ocrx_word' id='word_1_181' title='bbox 356 2473 387 2524; x_wconf 93' lang='lat' dir='ltr'><strong>et</strong></span> <span class='ocrx_word' id='word_1_182' title='bbox 399 2473 519 2546; x_wconf 87' lang='lat' dir='ltr'><strong>argenta</strong></span> <span class='ocrx_word' id='word_1_183' title='bbox 539 2485 616 2540; x_wconf 85' lang='lat' dir='ltr'><strong>vasa,</strong></span> <span class='ocrx_word' id='word_1_184' title='bbox 632 2467 790 2544; x_wconf 89' lang='lat' dir='ltr'><strong>plurimum</strong></span> <span class='ocrx_word' id='word_1_185' title='bbox 813 2455 941 2528; x_wconf 73' lang='lat' dir='ltr'><strong>Persicas</strong></span> <span class='ocrx_word' id='word_1_186' title='bbox 954 2468 1055 2544; x_wconf 78' lang='lat' dir='ltr'><strong>vestis,</strong></span> <span class='ocrx_word' id='word_1_187' title='bbox 1070 2468 1120 2527; x_wconf 90' lang='lat' dir='ltr'><strong>tri·</strong></span> 
     </span>
     <span class='ocr_line' id='line_1_24' title="bbox 104 2561 1121 2643; baseline 0.004 -25"><span class='ocrx_word' id='word_1_188' title='bbox 104 2562 189 2640; x_wconf 89' lang='lat' dir='ltr'><strong>ginta</strong></span> <span class='ocrx_word' id='word_1_189' title='bbox 212 2580 301 2640; x_wconf 86' lang='lat' dir='ltr'><strong>equas</strong></span> <span class='ocrx_word' id='word_1_190' title='bbox 322 2581 358 2620; x_wconf 90' lang='lat' dir='ltr'><strong>ex</strong></span> <span class='ocrx_word' id='word_1_191' title='bbox 382 2562 452 2636; x_wconf 85' lang='lat' dir='ltr'><strong>suis,</strong></span> <span class='ocrx_word' id='word_1_192' title='bbox 467 2581 532 2620; x_wconf 92' lang='lat' dir='ltr'><strong>eum</strong></span> <span class='ocrx_word' id='word_1_193' title='bbox 556 2561 661 2620; x_wconf 86' lang='lat' dir='ltr'><strong>iisdem</strong></span> <span class='ocrx_word' id='word_1_194' title='bbox 676 2563 695 2591; x_wconf 78' lang='lat'><strong>¹²</strong></span> <span class='ocrx_word' id='word_1_195' title='bbox 704 2564 874 2640; x_wconf 75' lang='lat' dir='ltr'><strong>insignibus,</strong></span> <span class='ocrx_word' id='word_1_196' title='bbox 884 2564 967 2643; x_wconf 90' lang='lat' dir='ltr'><strong>queis</strong></span> <span class='ocrx_word' id='word_1_197' title='bbox 991 2583 1121 2624; x_wconf 86' lang='lat' dir='ltr'><strong>assueve-</strong></span> 
     </span>
     <span class='ocr_line' id='line_1_25' title="bbox 105 2655 1120 2734; baseline 0.001 -19"><span class='ocrx_word' id='word_1_198' title='bbox 105 2663 181 2729; x_wconf 88' lang='lat' dir='ltr'><strong>rant,</strong></span> <span class='ocrx_word' id='word_1_199' title='bbox 203 2657 271 2714; x_wconf 85' lang='lat' dir='ltr'><strong>edm</strong></span> <span class='ocrx_word' id='word_1_200' title='bbox 294 2656 388 2734; x_wconf 88' lang='lat' dir='ltr'><strong>ipsum</strong></span> <span class='ocrx_word' id='word_1_201' title='bbox 401 2657 549 2716; x_wconf 80' lang='lat' dir='ltr'><strong>veherent.</strong></span> <span class='ocrx_word' id='word_1_202' title='bbox 593 2655 669 2728; x_wconf 82' lang='lat' dir='ltr'><strong>Quae</strong></span> <span class='ocrx_word' id='word_1_203' title='bbox 683 2658 853 2732; x_wconf 90' lang='lat' dir='ltr'><strong>liberalitas,</strong></span> <span class='ocrx_word' id='word_1_204' title='bbox 869 2659 945 2717; x_wconf 87' lang='lat' dir='ltr'><strong>sieut</strong></span> <span class='ocrx_word' id='word_1_205' title='bbox 959 2658 1120 2720; x_wconf 87' lang='lat' dir='ltr'><strong>Barbarum</strong></span> 
     </span>
     <span class='ocr_line' id='line_1_26' title="bbox 106 2751 1121 2832; baseline 0.002 -23"><span class='ocrx_word' id='word_1_206' title='bbox 106 2752 312 2828; x_wconf 88' lang='lat' dir='ltr'><strong>adstrinxerat,</strong></span> <span class='ocrx_word' id='word_1_207' title='bbox 325 2757 369 2808; x_wconf 90' lang='lat' dir='ltr'><strong>ita</strong></span> <span class='ocrx_word' id='word_1_208' title='bbox 382 2751 489 2809; x_wconf 88' lang='lat' dir='ltr'><strong>amieos</strong></span> <span class='ocrx_word' id='word_1_209' title='bbox 503 2752 596 2828; x_wconf 89' lang='lat' dir='ltr'><strong>ipsius</strong></span> <span class='ocrx_word' id='word_1_210' title='bbox 610 2751 795 2812; x_wconf 88' lang='lat' dir='ltr'><strong>vehementer</strong></span> <span class='ocrx_word' id='word_1_211' title='bbox 809 2753 936 2812; x_wconf 85' lang='lat' dir='ltr'><strong>offendit</strong></span> <span class='ocrx_word' id='word_1_212' title='bbox 972 2753 1000 2812; x_wconf 83' lang='grc' dir='ltr'>Ε</span> <span class='ocrx_word' id='word_1_213' title='bbox 1014 2753 1121 2832; x_wconf 82' lang='lat' dir='ltr'><strong>quibus</strong></span> 
     </span>
     <span class='ocr_line' id='line_1_27' title="bbox 108 2845 1120 2926; baseline 0.001 -21"><span class='ocrx_word' id='word_1_214' title='bbox 108 2847 257 2923; x_wconf 83' lang='lat' dir='ltr'><strong>Meleager</strong></span> <span class='ocrx_word' id='word_1_215' title='bbox 271 2864 358 2924; x_wconf 87' lang='lat' dir='ltr'><strong>super</strong></span> <span class='ocrx_word' id='word_1_216' title='bbox 371 2865 481 2904; x_wconf 80' lang='lat' dir='ltr'><strong>eranam</strong></span> <span class='ocrx_word' id='word_1_217' title='bbox 503 2845 628 2924; x_wconf 87' lang='lat' dir='ltr'><strong>largiare</strong></span> <span class='ocrx_word' id='word_1_218' title='bbox 641 2846 710 2906; x_wconf 85' lang='lat' dir='ltr'><strong>vino</strong></span> <span class='ocrx_word' id='word_1_219' title='bbox 730 2865 811 2921; x_wconf 86' lang='lat' dir='ltr'><strong>usus,</strong></span> <span class='ocrx_word' id='word_1_220' title='bbox 826 2846 968 2926; x_wconf 85' lang='lat' dir='ltr'><strong>gratulari</strong></span> <span class='ocrx_word' id='word_1_221' title='bbox 986 2867 1016 2907; x_wconf 87' lang='lat' dir='ltr'><strong>se</strong></span> <span class='ocrx_word' id='word_1_222' title='bbox 1030 2847 1120 2906; x_wconf 90' lang='lat' dir='ltr'><strong>Alex·</strong></span> 
     </span>
     <span class='ocr_line' id='line_1_28' title="bbox 106 2941 1120 3020; baseline 0 -19"><span class='ocrx_word' id='word_1_223' title='bbox 106 2942 198 3001; x_wconf 87' lang='lat' dir='ltr'><strong>andro</strong></span> <span class='ocrx_word' id='word_1_224' title='bbox 212 2941 297 3015; x_wconf 88' lang='lat' dir='ltr'><strong>dixit,</strong></span> <span class='ocrx_word' id='word_1_225' title='bbox 311 2941 390 3019; x_wconf 84' lang='lat' dir='ltr'><strong>qubd</strong></span> <span class='ocrx_word' id='word_1_226' title='bbox 405 2941 509 3000; x_wconf 86' lang='lat' dir='ltr'><strong>saltem</strong></span> <span class='ocrx_word' id='word_1_227' title='bbox 534 2941 565 3000; x_wconf 90' lang='lat' dir='ltr'><strong>in</strong></span> <span class='ocrx_word' id='word_1_228' title='bbox 580 2941 668 3000; x_wconf 75' lang='lat' dir='ltr'><strong>India</strong></span> <span class='ocrx_word' id='word_1_229' title='bbox 682 2942 839 3020; x_wconf 86' lang='lat' dir='ltr'><strong>reperisset</strong></span> <span class='ocrx_word' id='word_1_230' title='bbox 863 2942 982 3020; x_wconf 91' lang='lat' dir='ltr'><strong>dignum</strong></span> <span class='ocrx_word' id='word_1_231' title='bbox 1002 2942 1120 3002; x_wconf 85' lang='lat' dir='ltr'><strong>talentis</strong></span> 
     </span>
     <span class='ocr_line' id='line_1_29' title="bbox 105 3036 1121 3116; baseline 0.001 -20"><span class='ocrx_word' id='word_1_232' title='bbox 105 3038 197 3096; x_wconf 86' lang='lat' dir='ltr'><strong>mille.</strong></span> <span class='ocrx_word' id='word_1_233' title='bbox 240 3037 306 3096; x_wconf 89' lang='lat' dir='ltr'><strong>Rex</strong></span> <span class='ocrx_word' id='word_1_234' title='bbox 328 3036 408 3094; x_wconf 89' lang='lat' dir='ltr'><strong>haud</strong></span> <span class='ocrx_word' id='word_1_235' title='bbox 431 3036 539 3097; x_wconf 88' lang='lat' dir='ltr'><strong>oblitus</strong></span> <span class='ocrx_word' id='word_1_236' title='bbox 562 3039 652 3116; x_wconf 70' lang='lat' dir='ltr'><strong>quium</strong></span> <span class='ocrx_word' id='word_1_237' title='bbox 676 3037 754 3116; x_wconf 76' lang='lat' dir='ltr'><strong>aegre</strong></span> <span class='ocrx_word' id='word_1_238' title='bbox 770 3037 895 3113; x_wconf 88' lang='lat' dir='ltr'><strong>tulisset,</strong></span> <span class='ocrx_word' id='word_1_239' title='bbox 910 3038 989 3116; x_wconf 88' lang='lat' dir='ltr'><strong>qudd</strong></span> <span class='ocrx_word' id='word_1_240' title='bbox 1011 3037 1121 3098; x_wconf 81' lang='lat' dir='ltr'><strong>Olitunr</strong></span> 
     </span>
     <span class='ocr_line' id='line_1_30' title="bbox 107 3132 1122 3213; baseline 0.003 -21"><span class='ocrx_word' id='word_1_241' title='bbox 107 3135 145 3194; x_wconf 92' lang='lat' dir='ltr'><strong>ob</strong></span> <span class='ocrx_word' id='word_1_242' title='bbox 167 3133 278 3210; x_wconf 79' lang='lat' dir='ltr'><strong>linguae</strong></span> <span class='ocrx_word' id='word_1_243' title='bbox 303 3133 500 3192; x_wconf 85' lang='lat' dir='ltr'><strong>temeritatem</strong></span> <span class='ocrx_word' id='word_1_244' title='bbox 523 3132 687 3207; x_wconf 86' lang='lat' dir='ltr'><strong>eeeidisset,</strong></span> <span class='ocrx_word' id='word_1_245' title='bbox 711 3134 786 3192; x_wconf 88' lang='lat' dir='ltr'><strong>iram</strong></span> <span class='ocrx_word' id='word_1_246' title='bbox 810 3133 928 3212; x_wconf 88' lang='lat' dir='ltr'><strong>quidem</strong></span> <span class='ocrx_word' id='word_1_247' title='bbox 952 3135 1055 3213; x_wconf 89' lang='lat' dir='ltr'><strong>tenuit,</strong></span> <span class='ocrx_word' id='word_1_248' title='bbox 1070 3134 1122 3195; x_wconf 91' lang='lat' dir='ltr'><strong>sed</strong></span> 
     </span>
     <span class='ocr_line' id='line_1_31' title="bbox 107 3227 1122 3308; baseline 0.002 -20"><span class='ocrx_word' id='word_1_249' title='bbox 107 3229 194 3304; x_wconf 89' lang='lat' dir='ltr'><strong>dixit,</strong></span> <span class='ocrx_word' id='word_1_250' title='bbox 217 3231 234 3262; x_wconf 83' lang='lat'>“</span> <span class='ocrx_word' id='word_1_251' title='bbox 244 3227 366 3288; x_wconf 84' lang='lat' dir='ltr'><strong>Invidus</strong></span> <span class='ocrx_word' id='word_1_252' title='bbox 387 3228 518 3287; x_wconf 89' lang='lat' dir='ltr'><strong>homines</strong></span> <span class='ocrx_word' id='word_1_253' title='bbox 540 3229 615 3287; x_wconf 91' lang='lat' dir='ltr'><strong>nihil</strong></span> <span class='ocrx_word' id='word_1_254' title='bbox 636 3227 718 3288; x_wconf 84' lang='lat' dir='ltr'><strong>aliud</strong></span> <span class='ocrx_word' id='word_1_255' title='bbox 731 3249 818 3308; x_wconf 89' lang='lat' dir='ltr'><strong>quam</strong></span> <span class='ocrx_word' id='word_1_256' title='bbox 838 3230 967 3308; x_wconf 87' lang='lat' dir='ltr'><strong>ipsorum</strong></span> <span class='ocrx_word' id='word_1_257' title='bbox 987 3250 1051 3292; x_wconf 89' lang='lat' dir='ltr'><strong>esse</strong></span> <span class='ocrx_word' id='word_1_258' title='bbox 1066 3237 1122 3290; x_wconf 85' lang='lat' dir='ltr'><strong>tor-</strong></span> 
     </span>
     <span class='ocr_line' id='line_1_32' title="bbox 107 3325 233 3384; baseline 0 0"><span class='ocrx_word' id='word_1_259' title='bbox 107 3325 233 3384; x_wconf 76' lang='lat' dir='ltr'><strong>menta²³</strong></span> 
     </span>
    </p>

    <p class='ocr_par' dir='ltr' id='par_1_4' title="bbox 106 3419 1123 3883">
     <span class='ocr_line' id='line_1_33' title="bbox 167 3419 1121 3499; baseline -0.001 -20"><span class='ocrx_word' id='word_1_260' title='bbox 167 3419 265 3479; x_wconf 87' lang='lat' dir='ltr'><strong>XIII.</strong></span> <span class='ocrx_word' id='word_1_261' title='bbox 289 3422 335 3478; x_wconf 78' lang='lat'><strong>42.</strong></span> <span class='ocrx_word' id='word_1_262' title='bbox 365 3419 487 3480; x_wconf 85' lang='lat' dir='ltr'><strong>Postero</strong></span> <span class='ocrx_word' id='word_1_263' title='bbox 513 3420 570 3495; x_wconf 89' lang='lat' dir='ltr'><strong>die,</strong></span> <span class='ocrx_word' id='word_1_264' title='bbox 594 3420 685 3499; x_wconf 87' lang='lat' dir='ltr'><strong>legati</strong></span> <span class='ocrx_word' id='word_1_265' title='bbox 709 3421 844 3482; x_wconf 89' lang='lat' dir='ltr'><strong>Abisarae</strong></span> <span class='ocrx_word' id='word_1_266' title='bbox 869 3421 969 3480; x_wconf 72' lang='lat' dir='ltr'><strong>aditae</strong></span> <span class='ocrx_word' id='word_1_267' title='bbox 993 3421 1121 3498; x_wconf 88' lang='lat' dir='ltr'><strong>Regem:</strong></span> 
     </span>
     <span class='ocr_line' id='line_1_34' title="bbox 107 3508 1122 3595; baseline -0.001 -20"><span class='ocrx_word' id='word_1_268' title='bbox 107 3508 204 3576; x_wconf 89' lang='lat' dir='ltr'><strong>omnia</strong></span> <span class='ocrx_word' id='word_1_269' title='bbox 225 3515 331 3574; x_wconf 84' lang='lat' dir='ltr'><strong>ditioni</strong></span> <span class='ocrx_word' id='word_1_270' title='bbox 352 3518 425 3592; x_wconf 86' lang='lat' dir='ltr'><strong>ejus,</strong></span> <span class='ocrx_word' id='word_1_271' title='bbox 440 3517 483 3574; x_wconf 87' lang='lat' dir='ltr'><strong>ita</strong></span> <span class='ocrx_word' id='word_1_272' title='bbox 495 3523 530 3574; x_wconf 87' lang='lat' dir='ltr'><strong>ut</strong></span> <span class='ocrx_word' id='word_1_273' title='bbox 550 3517 718 3574; x_wconf 88' lang='lat' dir='ltr'><strong>mandatum</strong></span> <span class='ocrx_word' id='word_1_274' title='bbox 743 3525 816 3592; x_wconf 86' lang='lat' dir='ltr'><strong>erat,</strong></span> <span class='ocrx_word' id='word_1_275' title='bbox 830 3515 1055 3595; x_wconf 85' lang='lat' dir='ltr'><strong>permittebant;</strong></span> <span class='ocrx_word' id='word_1_276' title='bbox 1077 3517 1122 3574; x_wconf 84' lang='lat' dir='ltr'><strong>iir-</strong></span> 
     </span>
     <span class='ocr_line' id='line_1_35' title="bbox 106 3611 1122 3692; baseline 0 -22"><span class='ocrx_word' id='word_1_277' title='bbox 106 3616 245 3691; x_wconf 75' lang='lat' dir='ltr'><strong>mattque</strong></span> <span class='ocrx_word' id='word_1_278' title='bbox 259 3612 384 3671; x_wconf 78' lang='lat' dir='ltr'><strong>invicem</strong></span> <span class='ocrx_word' id='word_1_279' title='bbox 396 3611 453 3670; x_wconf 87' lang='lat' dir='ltr'><strong>fide</strong></span> <span class='ocrx_word' id='word_1_280' title='bbox 467 3612 657 3675; x_wconf 86' lang='lat' dir='ltr'><strong>remittuntur</strong></span> <span class='ocrx_word' id='word_1_281' title='bbox 671 3613 708 3670; x_wconf 86' lang='lat' dir='ltr'><strong>ad</strong></span> <span class='ocrx_word' id='word_1_282' title='bbox 723 3611 842 3692; x_wconf 87' lang='lat' dir='ltr'><strong>Regem.</strong></span> <span class='ocrx_word' id='word_1_283' title='bbox 885 3611 995 3670; x_wconf 86' lang='lat' dir='ltr'><strong>Parum</strong></span> <span class='ocrx_word' id='word_1_284' title='bbox 1009 3627 1122 3688; x_wconf 88' lang='lat' dir='ltr'><strong>quoque</strong></span> 
     </span>
     <span class='ocr_line' id='line_1_36' title="bbox 108 3704 1123 3784; baseline -0.003 -18"><span class='ocrx_word' id='word_1_285' title='bbox 108 3708 235 3766; x_wconf 87' lang='lat' dir='ltr'><strong>nominis</strong></span> <span class='ocrx_word' id='word_1_286' title='bbox 249 3708 296 3765; x_wconf 89' lang='lat' dir='ltr'><strong>sui</strong></span> <span class='ocrx_word' id='word_1_287' title='bbox 309 3707 388 3765; x_wconf 77' lang='lat' dir='ltr'><strong>larnai</strong></span> <span class='ocrx_word' id='word_1_288' title='bbox 401 3714 483 3766; x_wconf 88' lang='lat' dir='ltr'><strong>ratus</strong></span> <span class='ocrx_word' id='word_1_289' title='bbox 497 3707 535 3765; x_wconf 93' lang='lat' dir='ltr'><strong>ad</strong></span> <span class='ocrx_word' id='word_1_290' title='bbox 549 3707 727 3766; x_wconf 91' lang='lat' dir='ltr'><strong>deditionem</strong></span> <span class='ocrx_word' id='word_1_291' title='bbox 740 3725 824 3784; x_wconf 88' lang='lat' dir='ltr'><strong>posse</strong></span> <span class='ocrx_word' id='word_1_292' title='bbox 839 3705 980 3782; x_wconf 80' lang='lat' dir='ltr'><strong>compelli,</strong></span> <span class='ocrx_word' id='word_1_293' title='bbox 991 3705 1071 3762; x_wconf 81' lang='lat' dir='ltr'><strong>misit</strong></span> <span class='ocrx_word' id='word_1_294' title='bbox 1086 3704 1123 3763; x_wconf 87' lang='lat' dir='ltr'><strong>ad</strong></span> 
     </span>
     <span class='ocr_line' id='line_1_37' title="bbox 108 3799 1122 3883; baseline -0.004 -19"><span class='ocrx_word' id='word_1_295' title='bbox 108 3825 174 3863; x_wconf 90' lang='lat' dir='ltr'><strong>eum</strong></span> <span class='ocrx_word' id='word_1_296' title='bbox 189 3803 388 3878; x_wconf 81' lang='lat' dir='ltr'><strong>(Ileaeharem,</strong></span> <span class='ocrx_word' id='word_1_297' title='bbox 401 3804 454 3883; x_wconf 91' lang='lat' dir='ltr'><strong>qui</strong></span> <span class='ocrx_word' id='word_1_298' title='bbox 473 3803 661 3862; x_wconf 76' lang='lat' dir='ltr'><strong>denuntiaret</strong></span> <span class='ocrx_word' id='word_1_299' title='bbox 675 3802 711 3878; x_wconf 91' lang='lat' dir='ltr'><strong>ei,</strong></span> <span class='ocrx_word' id='word_1_300' title='bbox 725 3811 761 3861; x_wconf 91' lang='lat' dir='ltr'><strong>ut</strong></span> <span class='ocrx_word' id='word_1_301' title='bbox 780 3801 956 3880; x_wconf 87' lang='lat' dir='ltr'><strong>stipendium</strong></span> <span class='ocrx_word' id='word_1_302' title='bbox 973 3799 1122 3878; x_wconf 88' lang='lat' dir='ltr'><strong>penderet,</strong></span> 
     </span>
    </p>
   </div>
   <div class='ocr_carea' id='block_1_3' title="bbox 0 0 1317 4400">
    <p class='ocr_par' dir='ltr' id='par_1_5' title="bbox 0 0 1317 4400">
     <span class='ocr_line' id='line_1_38' title="bbox 0 0 1317 4400; baseline 0 0"><span class='ocrx_word' id='word_1_303' title='bbox 0 0 1317 4400; x_wconf 95' lang='lat' dir='ltr'><strong> </strong></span> 
     </span>
    </p>
   </div>
  </div>
 </body>
</html>
