2592 4400
409 360 533 403 araur
560 360 652 403 vrri.
680 362 765 403 oar.
794 363 818 403 1.
1075 346 1131 407 1⁷9

115 498 203 559 modd
230 517 301 578 ergo
328 499 432 559 Asiam
458 500 546 561 etiam
569 520 645 561 eum
674 500 741 561 istis
764 500 929 579 junioribus
956 498 1134 581 subjeeistii.

116 591 230 653 Verum
262 602 309 653 est
336 596 384 671 (ut
410 596 524 675 opinor)
552 596 631 675 quod
664 596 839 657 avunculum
872 604 955 657 tuum
981 597 1012 655 in
1039 598 1131 657 Italia

114 689 226 749 dixisse
253 696 387 748 mustat:
406 690 503 767 ipsum
530 692 561 750 in
588 691 679 751 viros-
693 691 837 766 incidisse,
860 699 892 751 te
917 693 947 751 in
968 692 1129 761 foeminas.”

115 784 202 842 Nihil
214 803 251 843 ex
275 785 409 845 omnibus
430 785 593 845 inconsulti
618 806 664 859 ao¹
676 790 787 847 temere
811 788 883 849 actis
905 786 1016 865 Regem
1038 788 1134 867 magis¹

112 886 254 953 moverat,
268 880 359 957 quam
373 880 575 940 Parmenionis
589 900 655 941 cnm
677 881 785 941 honore
808 882 916 941 mentio
931 882 1028 959 illata;
1051 880 1129 943 dolo·

112 994 177 1033 rem
191 981 289 1032 tamen
313 975 381 1033 Rex
394 976 511 1053 pressit,
526 984 681 1035 contentus
703 976 826 1053 jussisse
846 984 881 1035 ut
901 978 1034 1037 conuiuio
1049 998 1129 1037 exce

112 1069 214 1128 deret:
235 1088 288 1127 nec
310 1071 468 1150 quidquam
490 1070 573 1131 aliud
594 1071 714 1148 adjecit,
737 1074 834 1151 quim,
857 1072 1070 1141 forsitaneum
1092 1072 1130 1149 (si

112 1164 229 1223 uuerco
252 1165 366 1235 raucus
387 1142 771 1245 forectraxprournamm
795 1168 851 1227 siu
877 1168 969 1227 suaa
997 1168 1087 1233 viam
1113 1188 1131 1229 a

110 1260 267 1338 semetipso
280 1261 395 1321 datam:
416 1263 470 1321 hoc
483 1263 560 1321 euim
584 1262 708 1339 superbi
724 1282 800 1341 saepe
817 1265 953 1340 jaotbase.
997 1264 1017 1293 ’⁸
1030 1267 1130 1343 Atque

110 1356 198 1414 illum
210 1363 393 1415 cunctantem
407 1358 501 1417 adhuc
515 1377 641 1436 surgere,
656 1358 707 1438 qui
720 1360 845 1436 proximi
859 1359 886 1419 ei
907 1360 1074 1435 cubuerant,
1088 1358 1130 1421 in·

115 1452 207 1527 jectis
220 1451 362 1526 manibus,
380 1454 531 1530 jurgantes
551 1460 758 1532 monentesque
778 1454 958 1515 conabantur
978 1456 1128 1518 abducere.

111 1546 212 1607 Clitus
225 1548 293 1605 edm
317 1548 544 1622 abstraheretur,
557 1548 595 1607 ad
616 1548 770 1626 pristinam
790 1548 810 1578 ⁸⁴
820 1550 988 1611 violentiam
1002 1551 1047 1613 iri
1061 1570 1130 1630 quo·

108 1662 169 1721 que
182 1642 306 1720 adjecti,
321 1647 338 1675 “
348 1642 367 1670 ⁸⁶
377 1643 437 1703 Suo
450 1651 567 1722 pectore
576 1652 690 1722 tergum
699 1644 779 1705 illius
787 1664 851 1705 essa
860 1646 1011 1707 defensum
1023 1666 1030 1722 ;
1053 1666 1130 1707 nune

108 1738 269 1816 postqnim
282 1738 356 1797 tanti
377 1740 475 1798 meriti
496 1740 638 1818 preteriit
663 1747 786 1818 tempus,
801 1740 890 1799 etiam
904 1741 1072 1801 memoriam
1087 1742 1129 1809 in·

109 1833 205 1892 visam
217 1834 308 1908 esae,”
322 1834 490 1911 proclamat.
514 1833 618 1894 ⁴Attali
631 1854 745 1913 quoqne
759 1834 867 1896 caedem
881 1835 1083 1912 ”objiciebam
1099 1844 1130 1895 et

108 1928 149 1986 ad
177 1928 316 1987 ultimum
340 1929 436 2005 Jouis,
459 1950 545 2008 quem
568 1937 682 2008 patrem
704 1930 760 1990 sibi
785 1930 955 1989 Alexander
977 1938 1130 2007 assereret,

110 2024 261 2083 oraculum
274 2024 402 2100 eludens,
416 2027 532 2089 veriora
553 2044 585 2085 se
596 2026 683 2105 Regi,
697 2025 785 2106 quiam
799 2032 911 2105 patrem
926 2028 999 2103 ejus,
1013 2046 1128 2105 respon·

109 2121 191 2179 disse
205 2119 329 2180 dicebat
665 2178 666 2183 ,

171 2221 199 2276 6.
222 2217 241 2244 ’⁷
250 2216 274 2275 J
274 2237 323 2274 am
335 2223 450 2277 tantum
462 2216 516 2276 irae
528 2223 695 2295 conceperat
708 2216 784 2293 Rex,
798 2222 938 2296 quantum
951 2217 1003 2278 uix
1015 2217 1129 2280 sobrius

108 2314 187 2372 ferre
199 2312 351 2389 potuisset.
394 2312 551 2373 Enimvero
565 2332 644 2374 mero
658 2313 728 2372 olim
743 2313 874 2376 sensibus
893 2312 989 2388 victis,
1003 2333 1040 2372 ex
1053 2314 1129 2376 lecto

108 2411 231 2486 repente
250 2406 393 2485 prosiluit
435 2407 566 2467 Attoniti
586 2408 682 2484 amici,
697 2423 734 2468 ne
752 2409 858 2486 positis
870 2408 996 2488 quidem,
1011 2409 1062 2472 aed
1082 2409 1129 2472 ab·

116 2503 207 2582 jectis
218 2502 338 2580 poculis,
352 2510 548 2582 consurgunt,
567 2503 599 2563 in
610 2511 746 2564 eventum
757 2504 809 2580 rei,
823 2523 910 2583 quam
923 2511 1005 2564 tanto
1018 2504 1130 2584 impetu

108 2605 230 2658 aemma
251 2605 336 2672 esset,
356 2597 469 2658 intenti.
511 2597 687 2674 Alexander,
709 2604 795 2676 rapta
816 2599 917 2658 lancea
939 2619 975 2658 ex
997 2601 1130 2660 manibus

108 2693 257 2772 armigeri,
272 2692 383 2754 illitum
396 2693 489 2754 adbuc
501 2693 603 2753 eAdem
623 2693 731 2773 linguae
750 2695 972 2772 intemperantiat
985 2695 1129 2754 furentem

107 2796 259 2867 percutere
278 2795 441 2863 conatus-,a
461 2788 619 2853 Ptolemaeo
633 2796 665 2848 et
680 2789 825 2850 'Perdicca
845 2787 999 2850 inhibetur.
1041 2789 1129 2858 ”Me

109 2886 192 2944 dium
206 2883 356 2961 complexi,
368 2890 398 2941 et
411 2883 553 2944 obluctari
565 2890 807 2962 perseuerantem,
817 2885 1023 2945 mbrabantur:
1046 2883 1129 2962 Lysi

107 2979 231 3039 machus
240 2985 270 3038 et
283 2978 429 3038 Leonatus
443 2977 532 3036 etiam
551 2978 681 3040 lanceam
694 2979 880 3041 abstinerent
922 2978 981 3038 Illa
1001 2978 1130 3040 militum

107 3076 196 3134 fidem
217 3074 383 3150 implorans,
396 3073 596 3150 comprehendi
611 3093 642 3132 se
657 3093 674 3132 a
686 3073 826 3150 proximis
846 3073 1011 3150 amicorum,
1026 3073 1130 3154 ”quod

109 3171 202 3230 Dario
214 3188 307 3247 nuper
320 3168 481 3244 accidisset,
494 3169 654 3231 exclamat:
675 3170 841 3250 sigmrmque
862 3170 935 3238 tuba
956 3170 1029 3247 dari,
1044 3179 1077 3231 ut
1091 3171 1130 3230 ad

108 3266 222 3346 regiam
243 3263 349 3323 armati
368 3263 490 3338 coirent,
500 3264 594 3340 jabet.
636 3264 711 3325 Tum
723 3267 794 3330 ,uerd
816 3267 994 3326 Ptolemaeus
1016 3273 1046 3324 et
1059 3267 1129 3326 Par·

109 3362 207 3420 diceas
220 3359 345 3438 genibus
357 3358 489 3420 advoluti
503 3364 595 3433 orant,
608 3377 645 3418 ne
665 3357 696 3418 in
709 3365 769 3427 tam
782 3361 923 3438 praecipiti
944 3361 989 3422 iria
1002 3378 1129 3438 perseve-

109 3463 167 3532 ret,
181 3454 365 3533 spatiumque
384 3453 485 3531 posita
505 3453 600 3515 animo
620 3453 687 3514 det:
710 3455 804 3525 omnia
822 3463 938 3532 postero
952 3454 999 3512 die
1016 3453 1133 3537 justitiis¹

110 3557 311 3616 necaturum
352 3547 414 3610 Sed
432 3548 537 3608 clausa
555 3555 638 3610 erant
658 3567 750 3625 aures,
771 3549 955 3627 obstrepente
974 3549 1029 3618 iat.
1071 3548 1130 3609 Ita·

109 3667 166 3726 que
178 3647 200 3676 ⁴⁰
210 3647 356 3723 impotens
368 3644 466 3718 animi,
479 3645 620 3721 percurrit
634 3643 665 3702 in
685 3645 772 3724 regim
791 3643 977 3718 uestibulum,
990 3650 1029 3718 et,
1043 3643 1128 3722 vigili

111 3741 266 3804 excubami
286 3740 372 3798 hastt
392 3738 501 3813 ablate,
515 3738 649 3798 constitit
669 3740 699 3798 in
713 3739 732 3768 ⁴¹
741 3738 835 3813 aditu,
855 3757 917 3816 quo
932 3755 1049 3799 necesse
1067 3744 1131 3798 erat

111 3839 157 3915 iia,
178 3836 232 3919 qui
252 3834 341 3897 mmai
361 3842 553 3917 censuerant.
572 3834 679 3921 egredi.
719 3833 864 3902 Abierant
886 3831 1003 3898 emtori:
1034 3831 1130 3896 Clitus
