2592 4400
191 314 247 375 188
536 330 676 384 oursur
701 330 843 375 curru

185 469 357 531 custodibus
382 469 500 531 initium
525 470 644 546 factum,
667 468 868 547 clamantibus,
891 468 1114 548 discerpendum
1139 488 1199 531 esse

185 564 357 643 parricidam
369 565 504 627 manibus
514 584 621 627 eorum.
663 564 701 627 ld
714 565 830 645 quidem
843 566 985 641 Philotas,
997 565 1048 645 qui
1068 566 1200 649 gravima

186 659 329 739 supplicia
341 667 491 735 metueret,
504 660 581 721 baud
594 660 664 721 sunb
678 660 776 739 iniquo
790 661 883 721 animo
903 660 1045 721 audiebat
1088 660 1158 721 Rex
1170 660 1200 719 in

184 754 348 815 concionem
360 774 503 831 reversus,
516 756 577 816 sive
590 762 624 815 ut
644 755 676 815 in
690 755 823 817 custodia
836 774 947 835 quoque
968 762 1125 833 torqueret,
1140 754 1200 814 sire

184 856 219 911 ut
231 849 402 930 diligentius
413 859 517 911 cuncta
528 858 720 931 cognosceret,
735 850 888 909 concilium
909 850 940 909 in
956 857 1107 929 posterum
1122 849 1201 909 diem

184 945 312 1023 distulit,
326 954 527 1026 etquanuam
536 945 568 1006 in
576 965 726 1024 vesperum
736 945 893 1007 inclinabat
903 945 975 1021 dies,
986 952 1082 1003 minen
1092 946 1202 1003 amicos

183 1042 334 1101 convocari
343 1042 445 1119 jubet:
465 1049 496 1102 et
508 1040 622 1101 caeteris
633 1039 752 1119 quidem
764 1040 903 1119 placebat,
915 1039 1105 1101 Macedonum
1119 1059 1202 1099 more

184 1136 368 1199 obruisaxia
423 1136 614 1215 Hephaestion
632 1142 775 1195 autemst
796 1133 943 1211 Craterus,
957 1142 987 1195 et
1007 1132 1119 1209 Ooenus,
1143 1142 1203 1193 tor-

184 1231 452 1291 mentieveritatem
464 1231 681 1309 exprimendam
703 1250 765 1291 esse
788 1230 941 1289 dixerunt:
962 1237 991 1289 et
1012 1229 1058 1289 illi
1076 1248 1204 1309 quoque,

183 1326 235 1405 qui
253 1325 335 1385 aliud
348 1333 508 1401 suaserant,
521 1326 552 1385 iu
567 1326 671 1385 horum
691 1325 862 1385 sententiam
876 1327 886 1354 ⁸
898 1330 1056 1385 transeunt

244 1424 291 1479 31.
313 1419 443 1480 (lencilio
463 1423 533 1499 ergo
556 1420 684 1497 dimisso,
708 1419 902 1499 Hephaestion
922 1439 989 1479 eum
1013 1418 1135 1481 Oratore
1173 1427 1206 1479 et

184 1513 273 1575 (imno
286 1514 324 1573 ad
336 1515 525 1593 quaestionem
537 1515 574 1575 de
587 1514 709 1575 Philota
722 1515 883 1575 habendam
896 1521 1079 1595 consurgunt
1121 1514 1205 1591 Rex,

185 1608 306 1669 Cratero
320 1610 465 1685 accersito,
479 1617 511 1669 et
530 1628 661 1671 sermone
680 1610 790 1685 habito,
804 1611 886 1687 cujus
908 1628 1020 1669 summa
1040 1628 1099 1669 non
1119 1610 1207 1671 edita

183 1711 237 1780 est,
251 1705 283 1763 iu
295 1703 428 1765 intimem
441 1704 594 1766 diversorii
612 1706 726 1783 partem
739 1705 865 1781 secessit,
879 1711 909 1765 et
930 1706 1048 1765 remotis
1070 1704 1206 1783 arbitris,
1275 1728 1276 1777 ῖ

183 1799 216 1859 in
228 1800 351 1859 multam
363 1806 478 1859 noctem
490 1799 658 1879 questionis
678 1800 857 1879 exspectavit
877 1806 1020 1861 eventum
1062 1799 1207 1863 Tortores

184 1894 216 1953 iu
227 1902 410 1973 conspectum
423 1894 551 1955 Philotae
564 1893 663 1953 omnia
683 1892 864 1953 crudelitatis
885 1894 1078 1953 instrumenta
1098 1915 1206 1974 propo-

183 1997 264 2050 nunt
306 1990 349 2050 Et
362 1989 413 2049 ille
425 1990 522 2049 ultro:
544 1993 560 2023 “
573 1987 653 2061 Quid
666 1989 816 2064 cessatis,”
838 1988 940 2067 inquit,
964 1993 981 2023 “
993 1988 1085 2068 Regis
1105 1990 1206 2051 inimi-

183 2104 249 2145 cum
261 2084 483 2159 interfectorem,
490 2084 677 2143 confitentem
690 2082 842 2143 occidere?
861 2083 932 2163 quid
951 2084 1109 2165 quaestione
1130 2105 1207 2164 opus

183 2180 254 2242 esti
295 2178 437 2260 Cogitavi,
451 2178 557 2240 volui‘’
592 2178 733 2242 Craterus
747 2180 871 2262 exigere,
884 2186 919 2238 ut
931 2200 996 2259 quse
1008 2181 1205 2260 confiteretur,
1274 2219 1275 2222 =

183 2275 215 2335 in
227 2275 380 2334 tormentis
392 2294 503 2354 quoque
516 2274 632 2334 diceret
684 2274 764 2334 de
777 2273 939 2354 corripitur,
954 2269 1023 2334 dim
1036 2275 1205 2356 obligantur

183 2369 357 2444 conliditur
369 2369 459 2428 vestis
472 2369 597 2444 exuitur,
610 2369 743 2450 gentium
753 2370 830 2446 jura,
851 2367 929 2430 Deos
950 2369 1069 2448 patrios,
1084 2373 1208 2450 nequid:

182 2484 269 2544 quarn
282 2462 472 2543 apudsurdae
485 2483 570 2525 aures
582 2464 742 2526 invocabat
771 2464 832 2524 Per
845 2463 963 2524 ultimos
974 2464 1078 2526 deiude
1093 2467 1203 2528 orucia-
1274 2475 1275 2554 i

184 2568 240 2635 tus,
254 2563 359 2638 utpote
372 2566 403 2620 et
416 2559 578 2635 damnatus,
592 2559 761 2619 etinimicis
774 2559 805 2618 in
824 2558 949 2638 gratiam
963 2561 1054 2640 Regis
1067 2568 1203 2640 torquen-

183 2656 272 2732 tibus,
285 2656 437 2716 laoeratur.
458 2655 504 2714 Ao
517 2655 609 2733 primb
622 2674 785 2734 quanquam
797 2653 864 2714 hino
878 2655 962 2734 ignis,
977 2656 1058 2716 illino
1071 2657 1201 2736 verbera,

188 2755 251 2830 jam
265 2755 283 2781 ¹·
292 2772 350 2813 non
362 2751 401 2813 ad
413 2753 609 2832 quaestionem,
622 2750 675 2810 sed
688 2751 727 2811 ad
746 2770 859 2830 poenam
880 2754 899 2780 ¹¹
907 2751 1121 2832 ingerebantur,
1142 2775 1201 2816 non

183 2867 283 2910 vocem
294 2848 387 2923 modb,
402 2847 454 2908 sed
476 2848 564 2908 etiam
584 2845 710 2926 gemitus
732 2846 751 2875 ¹²
761 2845 885 2907 babebat
904 2847 935 2906 in
947 2853 1099 2924 potestate
1141 2849 1201 2910 Sed

183 2947 336 3024 poetqudm
348 2943 542 3003 intumescens
555 2961 658 3021 corpus
680 2941 823 3002 ulceribus
833 2941 1010 3022 flagellorum
1022 2942 1100 3002 ictus
1113 2945 1200 3004 nudis

184 3037 298 3098 ossibus
311 3038 441 3096 incussos
453 3039 528 3097 ferre
541 3056 599 3096 non
611 3042 735 3114 poterat,
750 3035 776 3096 si
797 3036 948 3098 tormentis
968 3036 1127 3098 adhibituri
1140 3060 1199 3100 mo
1273 3113 1274 3122 χ

184 3129 258 3190 dum
271 3138 375 3205 essent,
389 3130 535 3190 dicturum
548 3150 588 3205 se,
602 3150 668 3208 quae
681 3130 753 3190 scire
767 3137 943 3208 expeterent,
957 3130 1118 3208 pollicetur.
1141 3133 1200 3194 Sed

184 3226 270 3286 finem
283 3223 438 3303 quaestioni
449 3225 518 3300 fore,
529 3227 628 3303 Jurare
642 3243 691 3284 eos
700 3243 752 3302 per
761 3223 922 3284 Alexandri
932 3225 1062 3300 salutem,
1073 3226 1199 3304 volebat,
1272 3243 1273 3276 ὲ

183 3319 381 3398 removerique
393 3325 523 3379 tortores.
576 3320 618 3378 llt
629 3326 751 3398 utroque
771 3319 936 3396 impetrato,
952 3318 1072 3381 Cratero
1086 3322 1199 3402 inquit:

185 3414 270 3477 “Dic
289 3414 361 3496 quid
380 3433 426 3472 me
446 3414 521 3476 velis
542 3414 664 3476 dicere.”
704 3415 763 3474 Illo
777 3415 945 3494 indignante
964 3413 1107 3477 ludificari
1122 3438 1199 3496 eum,

184 3512 342 3590 rursusque
362 3515 512 3571 revocante
532 3516 663 3584 tortores,
679 3515 790 3587 tempus
810 3515 907 3587 petere
929 3509 1022 3588 coepit,
1037 3509 1109 3569 dum
1129 3513 1200 3572 reci·
1272 3515 1273 3526 ¹

184 3614 267 3687 peret
280 3605 421 3686 spiritum,
434 3612 535 3665 cuncta
547 3625 612 3684 quae
624 3603 719 3679 sciret,
734 3604 919 3666 indicaturus.

245 3721 293 3778 32
313 3716 437 3777 Interim
447 3717 564 3795 equites,
574 3713 771 3775 nobilissimus
781 3715 910 3794 quisque,
922 3722 951 3774 et
965 3714 986 3774 ii
998 3715 1135 3792 maxime,
1148 3717 1200 3796 qui

186 3812 408 3873 Parmenionem
428 3811 591 3891 propinqui.
613 3809 783 3890 cognatione
809 3809 1021 3890 contingebant,
1047 3818 1200 3894 postquam
