2592 4400
186 399 249 459 212
537 414 680 467 aornar
706 413 849 457 curun

187 554 289 615 fodito.
329 553 468 633 'Anceps
480 554 685 633 gennsauxilii
699 560 796 629 astet
809 553 839 613 in
853 554 1030 615 suosaorids
1045 554 1126 613 furit.
1173 555 1211 615 Iu

187 650 299 709 hostem
312 648 390 708 euim
404 649 533 727 imperio,
548 650 579 709 iu
600 668 668 711 suos
682 670 789 729 pavore
810 650 934 729 agitur.”
977 650 1053 709 Haeo
1067 650 1213 725 elocutus,

188 746 316 805 concitat
337 766 444 824 equum
465 746 585 823 primus
636 747 763 826 Jamque
788 746 834 823 (ut
861 745 1042 806 destinatum
1064 752 1140 827 erat)
1172 748 1215 805 iu·
1279 732 1280 807 l

187 848 303 901 vaserat
329 840 446 901 ordines
474 842 697 916 bostium,ci1m
726 842 834 903 (losuus
856 843 967 921 ingenti
989 843 1020 903 ri
1043 843 1073 901 in
1102 843 1215 904 laevum
1279 876 1280 919 t

188 955 279 997 cornu
305 936 460 998 invehitur.
504 936 638 997 Phalanx
660 957 774 1017 quoquo
797 938 923 997 mediam
948 937 1091 997 Indorum
1119 940 1215 998 aciem

188 1052 247 1091 uno
261 1032 372 1111 impetu
384 1033 524 1111 perrupit
566 1034 612 1093 At
626 1032 722 1093 Porus
737 1034 797 1113 qud
812 1034 939 1113 equitem
955 1034 1053 1093 invehi
1068 1043 1214 1110 senserat,

188 1127 301 1188 belluas
323 1129 371 1207 ogi
390 1129 488 1205 jussit.
539 1128 598 1190 Sed
621 1128 748 1204 tardum,
762 1136 794 1187 et
816 1130 890 1207 pond
913 1128 1063 1188 immobile
1091 1130 1214 1205 animal,

189 1243 329 1302 equorum
351 1223 536 1283 velocitatem
560 1243 676 1303 aequore
700 1244 758 1283 uon
780 1231 903 1301 poterat.
957 1224 1005 1283 Ne
1035 1225 1215 1303 sagittarum

189 1317 310 1397 quidem
334 1317 414 1377 ullus
438 1326 502 1377 erat
530 1318 671 1378 Barbaria
695 1338 775 1379 usus.
820 1318 935 1396 Quippe
960 1318 1062 1398 longas
1086 1328 1117 1378 et
1140 1342 1215 1399 prae·

188 1432 301 1491 graves,
315 1413 373 1470 uisi
394 1413 478 1491 priils
500 1414 531 1471 in
545 1419 627 1473 terra
647 1422 815 1473 statuerunt
829 1434 938 1488 arcum,
952 1414 1032 1473 haud
1053 1416 1127 1473 satis
1142 1418 1214 1493 apte

190 1514 221 1567 ot
233 1508 384 1567 commode
394 1509 565 1587 imponunt:
587 1519 651 1569 tum
665 1510 753 1570 humo
763 1510 876 1569 lubrica
892 1518 921 1569 et
932 1510 968 1569 ob
984 1509 1016 1568 id
1030 1511 1215 1589 impediente
1279 1510 1280 1585 ζ

190 1611 335 1678 conatum,
355 1606 371 1632 ¹⁰
380 1605 533 1665 molientes
552 1606 631 1665 ictus
656 1604 809 1665 celeritate
831 1604 959 1664 hostium
983 1606 1213 1681 occupabantur.

191 1699 273 1779 Ilrgd
286 1707 386 1777 spreto
401 1700 493 1780 Regis
513 1702 635 1779 imperio
651 1701 740 1780 (quod
754 1702 815 1761 ferd
830 1700 872 1775 fit,
887 1700 938 1760 ubi
959 1700 1090 1760 turbatis
1116 1703 1215 1761 acrius
1279 1742 1280 1763 2

190 1804 288 1855 metus
297 1798 385 1875 quim
407 1797 469 1865 dux
489 1797 635 1875 imperare
650 1798 749 1876 coepit)
765 1797 888 1857 totidem
911 1804 993 1856 eraut
1017 1797 1215 1875 imperatores

191 1900 264 1971 quot
277 1892 392 1971 agmina
406 1893 551 1953 errabant.
595 1894 684 1953 Alius
707 1896 831 1971 jungere
845 1892 945 1965 aciem,
961 1892 1037 1951 alius
1060 1892 1212 1971 dividere;

191 1995 270 2047 stare
283 1988 411 2067 quidam,
427 1997 458 2048 et
471 1988 603 2047 nonnulli
617 1988 794 2049 circumvehi
809 1995 892 2067 terga
905 1988 1036 2047 hostium
1054 1988 1212 2064 jubebant.

196 2084 215 2111 ¹¹
227 2082 313 2143 Nihil
326 2084 356 2142 in
370 2084 498 2143 medium
512 2084 725 2145 consulebatur.
769 2084 866 2143 Porus
892 2091 987 2143 umen
1008 2102 1076 2143 cum
1098 2084 1214 2161 paucis,

191 2180 298 2260 quibua
310 2188 393 2240 metu
413 2181 513 2258 potior
533 2182 630 2240 fuerat
649 2180 751 2258 pudor,
765 2179 902 2259 colligere
926 2180 1082 2258 dispersos,
1105 2180 1215 2242 obvius

191 2275 270 2334 hosti
289 2277 333 2335 ire
346 2279 452 2355 pergit,
469 2277 695 2356 elephantosque
714 2284 781 2336 aute
795 2296 898 2354 agmen
913 2295 1030 2336 suorum
1047 2276 1096 2354 ogi
1114 2277 1213 2354 jubet.
1279 2271 1280 2274 ’

193 2371 335 2451 Magnum
359 2372 465 2432 mlluse
488 2373 615 2450 injecere
637 2381 788 2447 terrorem,
803 2372 996 2451 insolitusque
1018 2372 1130 2430 stridor
1155 2393 1215 2432 uon

192 2486 281 2547 equos
294 2467 390 2542 modd,
405 2475 465 2526 tam
477 2468 617 2546 pavidum
630 2469 671 2527 ad
687 2468 784 2528 omnia
798 2467 914 2544 animal,
925 2468 978 2526 sed
991 2467 1070 2530 viros
1085 2487 1214 2548 quoque,
1279 2463 1280 2480 ³

192 2563 365 2642 ordinesque
380 2563 557 2624 turbaverat

254 2661 299 2718 48.
322 2659 393 2718 dam
406 2660 485 2739 fugae
499 2659 769 2737 circumspiciebant
782 2658 879 2718 locum
891 2658 979 2736 pauld
994 2659 1063 2718 autb
1073 2658 1214 2736 victores,

193 2759 258 2814 einr
279 2754 449 2814 Alexander
471 2756 618 2834 Agrianos
637 2763 669 2814 et
691 2755 820 2814 Thracas
844 2755 947 2814 leviter
971 2762 1107 2828 armatos,
1123 2755 1144 2784 ¹²
1155 2775 1213 2813 me·

194 2852 296 2912 liorem
310 2853 534 2927 concursatione,
553 2853 642 2931 quim
666 2851 795 2910 cominus
819 2849 952 2924 militem,
976 2849 1075 2908 emisit
1098 2850 1130 2908 in
1150 2850 1212 2911 bel-

193 2949 265 3008 luas.
318 2949 473 3030 Ingentem
502 2950 524 3008 ii
545 2950 606 3009 vim
629 2947 755 3006 telorum
779 2947 905 3025 injectare
934 2954 963 3005 et
990 2947 1154 3024 elephantis
1182 2955 1213 3005 et

193 3045 361 3122 regentibus
375 3064 435 3104 eos.
477 3044 613 3103 Phalanx
636 3063 752 3122 quoque
774 3043 884 3102 instare
908 3047 1074 3102 constanter
1097 3043 1211 3102 territis

194 3138 289 3216 coepit.
332 3140 393 3200 Sed
411 3140 531 3218 quidam
544 3140 659 3201 avidius
673 3139 820 3218 porsecuti
843 3139 966 3213 belluas,
981 3139 1020 3196 in¹
1032 3145 1126 3196 semet
1149 3139 1210 3198 irri-

194 3237 294 3295 tavtre
307 3234 484 3296 vulneribus.
529 3235 642 3297 Obtriti
666 3237 734 3314 ergd
758 3235 882 3314 pedibus
908 3253 1007 3293 earum
1030 3235 1155 3308 caeteris,
1177 3241 1211 3292 ut

193 3331 312 3409 parcitis
335 3330 487 3406 instarent,
500 3332 582 3390 fuere
605 3332 819 3392 documentum.
862 3331 1014 3407 Praecipud
1038 3329 1056 3358 ¹³
1067 3330 1212 3390 terribilis

193 3427 246 3491 illa
267 3428 356 3486 facies
377 3434 447 3501 erat,
468 3428 538 3487 edm
562 3427 678 3486 1‘rneinu
702 3447 783 3486 arma
805 3427 941 3505 virosque
965 3425 1156 3502 corriperent,
1181 3433 1211 3484 et

96 3601 99 3604 ἢ
194 3544 282 3603 super
306 3541 337 3584 se
361 3523 528 3600 regentibus
551 3523 709 3583 trader-ent.
766 3522 884 3600 Auceps
910 3521 978 3600 ergd
1003 3540 1110 3598 pugna,
1133 3540 1211 3580 nuno

194 3621 377 3701 sequentium
399 3639 475 3700 nuno
497 3618 672 3696 fugientium
693 3617 872 3694 elephantos,
886 3617 916 3674 iu
937 3616 1062 3674 multum
1083 3616 1144 3674 diei
1164 3637 1210 3675 va-

193 3717 269 3776 rium
290 3724 436 3775 certamen
460 3715 594 3791 extraxit,
619 3714 709 3773 donec
730 3712 881 3772 securibus
903 3711 946 3787 (id
970 3729 1094 3789 namque
1118 3731 1210 3790 genus

194 3813 298 3871 auxilii
311 3819 504 3891 praeparatum
518 3813 593 3889 erat)
607 3810 697 3888 pedes
719 3817 869 3884 amputare
894 3813 1050 3884 coeperunt.
1094 3806 1210 3884 1“Cepi

194 3907 247 3966 das
259 3915 364 3967 vocnt
376 3907 491 3987 gladios
504 3907 607 3966 leviter
628 3911 772 3978 curvatos,
787 3902 910 3963 falcibus
930 3901 1050 3977 similes,
1064 3903 1149 3982 queis
1162 3923 1211 3982 ap·
