2592 4400
181 360 243 422 sco
531 375 673 429 cursui
700 376 840 421 cranii

180 516 400 595 bsoryunntem
411 534 487 589 sam,
498 534 535 575 cc
546 500 729 590 ἶιιοιιιοιιιαιιι,
741 522 772 575 st
784 514 976 577 sollicitudine
988 516 1202 594 propemodum

181 630 351 689 exsanguem
365 610 430 669 Rex
442 617 636 687 conspexerat.
678 610 697 637 '¹
708 614 724 643 “
737 608 842 685 Quid,”
856 609 958 688 inquit,
974 613 991 644 “
999 609 1111 689 qucdre
1124 616 1202 669 tem·

179 724 236 783 pus
247 712 406 782 exspectas,
419 713 450 763 et
462 724 520 763 non
531 704 743 782 quamprimum
755 703 809 765 hoo
822 703 921 763 dolore
935 724 981 763 me
995 704 1097 765 saltem
1110 704 1201 765 mori·

181 808 281 860 turum
294 799 426 859 libem?
466 801 516 859 An
530 800 616 857 times
630 819 666 859 ns
680 818 748 859 reus
769 800 818 874 sis,
833 802 901 859 culm
915 800 1075 859 insanabile
1089 801 1201 859 vulnus

180 895 341 973 scooperim
351 896 365 955 l
375 896 390 927 ‘²
431 897 476 955 At
490 893 669 968 Critobulus,
684 895 802 955 tandem
815 895 862 955 rel
884 895 976 968 finito,
990 896 1037 957 rel
1061 894 1201 955 dissimu-

180 991 241 1051 lato
254 999 344 1066 metu,
358 991 470 1051 hortari
488 1011 555 1049 eum
568 989 665 1067 ocspit,
680 990 701 1018 ‘⁴
712 997 747 1049 ut
770 1009 802 1051 se
816 978 1020 1061 continendum
1042 990 1201 1071 praeberet,

181 1088 252 1148 dum
278 1086 421 1165 spiculum
448 1086 593 1148 evelleret
648 1085 778 1145 ”Etiam
805 1080 902 1145 lovem
926 1085 1055 1163 corporis
1081 1093 1200 1145 motum
1286 1092 1287 1119 l

180 1182 301 1241 noxium
313 1182 385 1242 fore.
427 1180 586 1254 Rex,c1lm
609 1180 781 1239 affirmtsset
804 1181 879 1240 nihil
903 1200 975 1259 opus
996 1199 1060 1240 esee
1084 1180 1130 1255 iis,
1145 1181 1200 1259 qui

180 1283 273 1337 umet
294 1276 482 1349 continerent,
496 1275 572 1333 sicut
592 1281 772 1351 praeceptum
795 1283 866 1349 erat,
880 1274 943 1335 sine
965 1282 1047 1333 motu
1068 1274 1201 1352 praebuit

181 1390 293 1447 corpus
334 1370 433 1449 Igitur
456 1370 600 1446 patefacto
623 1369 716 1427 latinis
740 1368 868 1443 vulnere,
893 1378 923 1427 et
947 1369 1058 1447 spiculo
1083 1368 1200 1443 evulso,

180 1466 343 1543 ingenuis
367 1464 517 1543 sanguinis
542 1483 660 1523 manare
680 1464 777 1541 coepit,
792 1464 940 1545 linquique
962 1464 1057 1523 animo
1072 1463 1151 1539 Rex,
1168 1474 1201 1525 st

181 1560 305 1639 caligine
327 1559 420 1619 oculis
443 1559 546 1633 cffust,
561 1558 653 1618 veluti
676 1559 865 1627 moribundus
889 1560 1016 1619 extendi.
1061 1558 1200 1639 Cumque

181 1655 353 1733 profluvium
385 1654 602 1713 medicamentis
625 1654 739 1713 frustrd
767 1654 939 1729 inhiberent,
965 1654 1073 1714 clamor
1107 1655 1201 1715 simul

181 1760 269 1831 utque
282 1749 414 1829 ploratus
428 1750 586 1809 amicornm
599 1750 701 1823 oritur,
712 1750 825 1827 Regem
839 1750 988 1828 expirtsse
1002 1750 1197 1811 credentium.

184 1846 315 1913 Tandem
339 1846 471 1905 constitit
495 1845 623 1923 sanguis,
643 1844 843 1924 paulatimque
865 1845 993 1904 animum
1020 1846 1141 1923 recepit,
1167 1854 1201 1907 ot

182 1943 403 2002 circumstantes
422 1941 511 2019 coepit
531 1959 694 2018 agnoscere
738 1940 813 2001 Toto
837 1960 871 2001 co
897 1941 953 2016 die,
967 1960 1000 2000 nc
1021 1948 1116 2015 nocte,
1130 1962 1200 2021 quas
1264 1927 1268 1933 ’

181 2046 284 2098 secuta
297 2046 352 2111 est,
366 2046 495 2097 umatus
509 2036 656 2097 exercitus
669 2036 778 2113 regium
792 2035 916 2111 obsedit,
932 2036 1083 2097 confessus
1096 2055 1199 2097 omnes

158 2171 160 2176 -
181 2135 270 2193 unius
283 2133 390 2212 spiritu
402 2133 508 2193 rivere.
542 2130 570 2190 N
573 2150 606 2191 ec
619 2131 703 2209 prids
713 2138 904 2206 recesserunt,
915 2132 1003 2211 quim
1016 2138 1198 2210 compertum

182 2238 237 2304 est,
257 2249 358 2290 somno
373 2229 527 2307 paulisper
545 2229 733 2307 acquiescere.
776 2228 856 2288 Hinc
878 2226 1029 2288 certiorem
1053 2247 1136 2306 spem
1156 2248 1199 2288 sa·

182 2325 254 2384 lutis
268 2328 332 2401 ejus
346 2326 376 2382 in
390 2332 487 2383 castra
499 2324 670 2384 retulerunt.

243 2418 301 2478 VI.
326 2422 369 2478 19.
392 2419 470 2490 Rea,
499 2420 632 2496 ¹neptem
660 2418 762 2480 dicbus
790 2425 890 2478 curalo
918 2415 1047 2490 vulnere,
1072 2418 1197 2478 necdum

182 2513 310 2574 obducti
331 2512 477 2586 cicatrice,
491 2513 560 2578 cuim
584 2514 716 2574 audisset
740 2512 920 2572 convaluisse
945 2511 1022 2590 apud
1049 2511 1197 2574 Barbsros

183 2609 289 2670 buram
302 2609 406 2670 mortis
420 2608 620 2681 suue,du0bus
640 2608 764 2687 navigiis
781 2607 902 2685 junctis,
917 2607 1008 2668 statui
1022 2608 1054 2666 in
1068 2609 1197 2668 medinm

183 2705 312 2784 undiquc
336 2703 521 2781 conspicuum
546 2704 765 2765 tabernaculum
787 2702 885 2780 jussit,
907 2723 944 2763 ex
965 2722 1022 2780 quc
1047 2721 1078 2762 sc
1104 2712 1196 2764 osteu-

184 2801 268 2860 deret
286 2799 426 2878 ’periisse
446 2798 649 2859 credentibus:
672 2805 897 2876 conspectusque
910 2797 947 2858 sb
961 2797 1072 2872 incolis,
1096 2799 1197 2877 'spem

78 2908 81 2914 '
183 2896 312 2956 bostium
325 2896 399 2955 salso
421 2894 526 2954 nuncio
549 2902 718 2972 conceptam
741 2892 874 2954 inhibuit.
916 2893 1067 2954 ⁴Secundo
1090 2894 1197 2954 deindd

182 3011 268 3050 amns
289 2992 421 3064 defluxit,
441 2990 619 3080 aliquantum
641 2989 789 3050 intervalli
811 3010 828 3048 a
852 2994 958 3048 castori
983 2989 1075 3048 classo
1099 2991 1197 3067 praeci-
1286 3015 1287 3056 ι

183 3086 274 3164 piens,
288 3106 326 3144 ne
346 3087 430 3164 quies
451 3084 563 3163 corpori
577 3085 705 3144 invalido
718 3084 813 3143 adhuc
833 3085 994 3144 necessarie
1006 3083 1093 3162 pulsu
1107 3105 1196 3144 remo·
1286 3083 1287 3146 l

183 3199 249 3239 rum
272 3180 468 3257 impediretur.
516 3178 630 3250 Quarto
651 3181 806 3260 postqudm
829 3180 965 3258 nauigare
988 3187 1117 3256 coepsrat
1141 3181 1197 3254 die,
1286 3175 1287 3240 l

183 3276 318 3357 pervenit
340 3275 372 3335 in
393 3275 548 3352 regionem,
563 3275 707 3334 desertam
729 3275 847 3354 quidem
869 3276 905 3336 sb
930 3275 1044 3350 incolis,
1064 3275 1118 3334 ssd
1140 3277 1197 3335 frn-
1286 3339 1287 3364 ,

183 3380 282 3432 mento
305 3378 337 3431 et
362 3369 515 3448 pecoribus
542 3370 746 3430 abundantem.
795 3371 913 3430 Placuit
939 3370 965 3429 is
990 3370 1080 3444 locus,
1105 3379 1137 3430 et
1161 3370 1198 3430 ad
1286 3365 1287 3368 ¹

184 3489 275 3543 suam,
289 3474 320 3528 et
343 3467 381 3527 ad
394 3466 522 3524 militum
545 3467 682 3545 rcquiem.
726 3465 793 3525 Mos
808 3474 870 3526 erat
892 3465 1073 3544 principibus
1093 3467 1197 3526 amieo·

184 3585 257 3637 rum,
272 3572 303 3624 ct
316 3561 487 3624 custodibus
500 3563 637 3639 corporis,
650 3561 793 3623 excubare
808 3568 875 3620 ante
888 3561 1070 3639 praetorium,
1082 3565 1197 3639 quoties

185 3660 262 3736 Regi
286 3659 408 3718 adversa
431 3657 568 3716 valetudo
591 3656 748 3716 incidisset.
799 3656 955 3716 Hostum
981 3675 1061 3716 more
1083 3677 1197 3736 quoque
1286 3639 1287 3694 l

186 3762 310 3829 servato,
327 3754 457 3816 uniuersi
477 3753 643 3814 cubiculum
665 3755 728 3830 ejus
751 3752 869 3822 intrant.
921 3752 978 3814 Ille
993 3751 1196 3834 sollicitaque
