2592 4400
203 362 258 425 114
548 378 691 432 curari
716 378 857 423 ccsrrr

197 519 296 581 oneri
316 526 527 599 exspectentur.
568 518 621 581 Ita
641 518 750 581 bellum
773 516 890 581 vitando
913 518 1034 596 alemus,
1058 520 1118 579 ¹⁸et
1136 518 1218 599 quod

197 616 304 675 inferre
326 634 488 694 posumus,
510 616 638 695 accipere
659 634 801 695 cogemur.
843 614 1000 677 Manifesta
1027 622 1073 675 est
1099 614 1217 675 consilii

197 711 255 771 mei
277 712 361 772 ratio.
402 711 462 773 Sed
485 730 522 770 au
544 711 714 789 permissuri
737 712 799 773 sint
819 710 892 771 mibi
919 711 1094 771 Macedones
1118 712 1217 769 animo

196 806 242 865 uti
264 826 338 882 meo,
361 806 478 883 dubito;
500 806 571 885 quia
592 825 630 865 ex
652 825 708 885 quo
734 807 789 867 hoo
808 807 912 868 vulnus
933 806 1038 883 accepi,
1060 826 1118 864 non
1141 824 1217 885 equo

195 910 297 961 rectus
319 920 460 979 sum,non
482 900 606 979 pedibus
627 900 783 981 ingressus
824 901 883 963 Sed
901 901 927 961 si
946 920 991 959 me
1011 901 1095 980 sequi
1115 901 1218 975 vultis,

196 996 288 1073 valeo,
312 998 406 1058 amici
457 996 536 1057 Satis
559 996 667 1057 virium
689 1004 734 1057 cst
755 997 794 1057 ad
815 997 963 1057 toleranda
982 997 1048 1057 ista
1100 999 1171 1057 Ant
1193 998 1219 1056 si

79 1095 82 1101 “
201 1095 264 1170 jam
288 1092 372 1153 adest
391 1093 463 1155 vitre
481 1112 555 1153 mers
576 1092 651 1169 linis,
672 1092 701 1151 iu
720 1112 777 1172 quo
796 1093 913 1153 undem
933 1112 1017 1171 opere
1036 1092 1148 1153 melida
1169 1112 1218 1152 ex·

197 1189 365 1268 tinguari'’

258 1286 304 1343 30.
327 1284 400 1344 Haeo
422 1288 528 1363 quaest
549 1282 644 1343 adhuc
667 1302 736 1344 voce
758 1286 777 1313 ¹¹
787 1284 981 1360 subdeficiens,
1002 1284 1053 1345 vix
1072 1286 1218 1363 proximis

195 1378 428 1454 exaudientibus,
442 1378 574 1439 dixerat:
594 1382 662 1438 crim
686 1398 783 1439 omues
805 1400 826 1445 a
847 1388 908 1439 tam
931 1380 1070 1458 praecipiti
1090 1384 1219 1443 consilio

197 1474 309 1552 Regem
334 1473 480 1533 deterrere
506 1483 660 1552 ceperunt.
715 1474 856 1555 Erigyius
889 1477 1024 1552 maximi,
1052 1477 1103 1556 qui
1136 1479 1219 1539 haud

195 1570 267 1628 saud
295 1569 468 1629 auctoritate
493 1570 644 1648 proficiens
668 1569 744 1648 apud
771 1571 946 1631 obstinatum
972 1570 1108 1647 animum,
1139 1575 1219 1634 ιο111-

195 1664 406 1743 perstitionem,
427 1667 511 1742 cujus
531 1673 635 1743 potens
656 1684 714 1725 non
737 1672 801 1724 erat
821 1666 896 1741 Rex,
924 1666 1051 1725 incutere
1077 1670 1218 1744 tentavit,

196 1759 327 1834 dicendo,
341 1760 410 1819 deos
422 1780 536 1839 quoque
558 1761 673 1821 obstare
694 1760 824 1837 consilio,
838 1780 1027 1840 magnumque
1041 1763 1217 1840 periculum,

196 1856 223 1916 si
234 1856 339 1915 flumen
359 1862 516 1916 transisset.
532 1856 654 1916 ostendi.
696 1855 828 1915 Intranti
849 1856 973 1936 Erigyio
993 1856 1218 1918 tabernaculum

196 1952 296 2031 Regis,
319 1950 491 2011 Aristander
511 1957 682 2026 occurrerat,
704 1950 803 2011 tristia
829 1958 898 2011 exta
924 1951 1015 2011 fuisse
1042 1954 1217 2031 significans.
1269 1956 1270 2033 ξ

196 2048 270 2107 Hor
291 2066 329 2106 ex
349 2054 415 2107 vate
435 2054 581 2124 comperta
603 2045 743 2125 Erigyius
765 2047 928 2108 nunciabat.
984 2046 1050 2117 Quo
1078 2048 1216 2125 inhibito,
1269 2034 1270 2049 ³

196 2142 365 2204 Alexander
384 2162 443 2202 non
463 2142 510 2202 irs
533 2141 634 2217 solum,
656 2141 708 2202 scd
731 2141 818 2202 etiam
839 2142 949 2222 pudore
969 2142 1113 2220 confusus,
1134 2146 1217 2224 quod

180 2238 373 2316 superstitio,
387 2257 474 2318 quam
495 2237 650 2313 celaverat,
675 2238 871 2317 detegebatur,
886 2238 1094 2298 Aristandrum
1115 2243 1217 2301 vocari

201 2333 293 2411 jubet
345 2332 404 2403 Qui
426 2340 460 2392 ut
485 2333 574 2408 venit,
601 2333 717 2392 intuens
751 2353 826 2409 eum,
859 2332 956 2393 “Non
982 2334 1079 2409 ch,”
1106 2336 1215 2415 inquit,

196 2427 278 2488 “ssd
290 2427 420 2505 privatus
433 2428 520 2487 sum?
560 2428 738 2489 Sacrificium
760 2437 794 2488 ut
816 2429 931 2505 faceres,
945 2429 1089 2490 mandavi.
1134 2431 1215 2503 Quid

196 2543 231 2582 eo
256 2523 487 2602 portenderetur,
501 2542 554 2583 cur
577 2523 654 2601 apud
678 2523 766 2582 alium
787 2527 875 2603 quim
898 2524 976 2602 apud
998 2545 1044 2584 me
1065 2529 1215 2603 professus

195 2618 249 2678 es?
289 2618 430 2696 Erigyius
450 2637 555 2677 arcana
574 2637 640 2677 mea
661 2625 691 2676 ct
711 2625 830 2694 secreta,
851 2627 881 2678 te
900 2619 1049 2696 prodentc,
1069 2625 1206 2701 cognovit

197 2717 216 2746 ¹⁹
226 2735 311 2796 quem
324 2721 436 2774 certum
448 2713 610 2774 mehercule
630 2713 725 2773 bsbeo
745 2721 880 2774 extorum
893 2714 1050 2793 interprete
1063 2717 1111 2774 uti
1134 2725 1214 2776 metu

195 2831 256 2873 suo.
297 2811 396 2888 ”uisi
420 2818 526 2886 cutem,
540 2811 629 2888 qudm
650 2815 756 2887 potest,
776 2809 923 2886 denuncio,
937 2811 997 2888 ipse
1015 2811 1089 2869 mihi
1101 2811 1214 2872 indices

193 2906 266 2985 quid
278 2927 315 2966 ex
327 2905 404 2965 extis
417 2905 592 2984 cognoveris,
606 2923 642 2963 ne
662 2904 756 2982 possis
776 2904 897 2965 infitiari
918 2905 1034 2981 dixisse,
1049 2927 1115 2985 quac
1135 2909 1214 2968 dixe·

194 3002 264 3061 ria”
305 3001 363 3062 Ille
384 3000 539 3079 exsanguis
561 2999 741 3079 attonitoque
768 3000 872 3060 similis
899 3001 1003 3077 stabat,
1027 3021 1078 3079 per
1105 3013 1213 3063 metum

195 3096 285 3155 etiam
306 3115 376 3157 voce
398 3100 561 3174 suppressi.
603 3095 790 3174 Eandemque
811 3094 912 3155 eodem
934 3105 1013 3156 metu
1034 3098 1212 3174 stimulante,

194 3211 232 3250 ne
270 3191 362 3270 Regis
395 3189 640 3267 exspectationem
674 3197 845 3277 moraretur,
879 3192 929 3226 ¹²“
944 3192 1074 3271 Magni,”
1108 3194 1211 3273 inquit,

195 3286 340 3362 “laboris,
361 3304 419 3344 uon
442 3284 530 3360 irriti,
543 3285 695 3344 discrimen
718 3285 828 3345 instare
841 3286 973 3364 praedixi.
1015 3287 1077 3346 Nec
1090 3309 1214 3350 memes

193 3403 249 3459 ars,
263 3384 283 3412 ¹²
292 3384 379 3461 quim
392 3380 597 3457 benevolentia,
611 3381 771 3458 perturbat
822 3381 1024 3455 Infirmitatem
1038 3383 1214 3444 valetudinis

194 3488 254 3540 tuas
273 3477 370 3555 video,
392 3483 423 3535 et
443 3479 584 3555 quantum
604 3476 635 3534 in
655 3495 713 3535 uno
734 3483 764 3535 te
787 3477 835 3551 sit,
857 3478 924 3537 scio.
967 3478 1078 3536 Vereor
1098 3499 1136 3538 ne
1157 3501 1213 3540 non

193 3574 329 3654 praesenti
342 3575 468 3632 fortunae
481 3579 541 3631 tuce
555 3571 682 3630 sufficere
701 3571 821 3649 possis‘’
862 3573 929 3631 Rex
946 3575 1059 3649 jussum
1073 3575 1213 3634 confidere

193 3670 328 3729 felicitati
352 3687 413 3728 suar
435 3665 566 3726 remisit:
589 3665 655 3724 Sibi
677 3666 751 3728 enim
775 3666 832 3724 alia
853 3667 890 3748 cd
916 3667 1038 3746 gloriam
1058 3670 1212 3729 concedere

193 3764 279 3824 Deos
322 3761 510 3824 Consultanti
532 3759 636 3818 deinde
651 3777 716 3816 oum
741 3761 854 3836 iisdem,
869 3781 991 3840 quonam
1010 3762 1095 3821 modo
1108 3763 1213 3824 flumen

194 3857 360 3932 transirent,
387 3854 556 3934 supervenit
576 3853 762 3931 Aristander,
776 3875 835 3915 non
856 3857 932 3916 aliis
951 3856 1064 3917 laetiora
1083 3865 1154 3918 sxta
1171 3858 1212 3921 vi·
