2592 4400
417 424 540 466 araas
569 424 603 468 x.
636 426 722 468 osa.
753 428 775 467 1.
1046 408 1105 467 als

118 562 138 602 t.
153 562 254 603 Artdaus
271 560 371 613 Philippa
383 563 474 614 gentum
487 562 594 615 Meleagro
607 565 753 615 memorante,
767 576 782 605 a
794 563 922 617 quibusdam
936 564 984 607 Rex
997 564 1104 606 mutar.

82 627 152 669 Unde
161 628 231 669 ctrllts
239 628 291 669 belli
299 630 386 669 semina.

119 693 255 734 &Primaril
272 694 337 733 daces
353 694 452 744 Meleagri
470 694 549 735 artlbus
562 677 679 736 occanum
714 695 810 737 audeus
826 698 905 746 autem,
921 696 977 747 pacta
993 695 1104 743 studiosus,

78 758 202 799 tumultum
212 769 339 808 componere
348 760 418 799 madlt
426 760 518 810 quadam
527 761 609 801 rattom
617 764 710 801 canatur,

94 825 146 929 ,1ss¹
152 824 265 865 Perdiccas
280 824 411 877 Meleagrum
426 829 447 867 et
460 826 617 867 mutuare
630 827 687 878 altos
702 828 739 879 qul
753 838 804 867 aum
819 828 886 867 secuti
900 827 991 876 ruerant,
1006 826 1054 867 dolo
1070 836 1105 877 op-

78 901 94 941 p
148 892 163 929 t

118 954 150 994 lu
165 953 283 995 Alandri
290 955 405 1006 impastum
414 957 437 995 ln
444 957 514 1006 partes
522 956 623 1006 divisum,
634 956 696 1007 cnjus
704 966 789 997 summa
798 954 883 996 Adduo
891 954 976 1005 albata,
986 954 1110 997 herineus

78 1022 154 1061 antem
172 1021 313 1071 magnatibus
345 1021 447 1062 Detnnett
461 1032 537 1073 eorpus
554 1021 581 1063 ab
599 1023 675 1063 anstais
690 1026 794 1072 emulum,
812 1022 937 1063 attendam
953 1022 1104 1063 Alexandriam

78 1086 173 1138 Egypti
181 1086 307 1127 uanslatum
315 1088 353 1128 ast.
429 1140 439 1158 ο

143 1230 168 1290 Ι.
196 1235 220 1289 l.
244 1232 354 1291 Iisnsu
377 1233 439 1303 ferd
467 1232 571 1291 diebus
597 1231 742 1292 Cleander
769 1240 799 1292 et
826 1230 961 1307 Sitalces,
986 1237 1103 1291 etcum

81 1326 242 1406 Agathone
279 1328 414 1386 Heracon
449 1328 665 1405 superveniunt,
693 1327 744 1408 qui
773 1329 994 1387 Parmenionem
1019 1330 1103 1405 jussu

81 1422 177 1499 Regis
206 1422 391 1498 occiderant3
423 1422 565 1501 ¹quinquc
589 1422 682 1481 millia
705 1423 835 1501 peditum
863 1442 929 1482 cum
956 1423 1103 1501 equitibus

80 1516 171 1575 mille.
217 1516 277 1576 Sed
299 1524 330 1575 et
351 1526 533 1576 accusatores
556 1537 606 1576 ecs
625 1518 660 1575 'a
674 1518 833 1595 provincit,
849 1518 897 1577 cui
917 1519 1103 1597 praefuerant,

82 1611 297 1691 sequebantur:
318 1631 371 1670 nec
395 1620 440 1671 tot
460 1613 597 1687 facinora,
618 1621 692 1691 quot
715 1614 900 1689 admiserant,
920 1632 1102 1691 compensare

81 1715 219 1785 poterant
232 1707 321 1785 caedis
337 1710 477 1786 perquam
491 1715 585 1787 gratae
599 1708 677 1785 Regi
692 1708 862 1768 ministerio.
906 1707 1020 1787 Quippe
1034 1710 1101 1766 crim

83 1809 181 1861 omnia
205 1804 325 1881 profana
352 1804 536 1881 spoliassent,
558 1823 595 1861 ne
624 1804 714 1862 sacris
739 1804 861 1882 quidem
884 1803 1099 1880 abstinueraut3

82 1898 270 1977 virginesque
291 1906 321 1957 et
344 1898 489 1977 principes
503 1899 697 1972 foeminarum,
713 1906 815 1976 stupra
838 1918 990 1976 perpessae,
1005 1917 1102 1975 corpo·

83 2014 148 2051 rum
163 1994 293 2052 ludibria
306 1994 460 2053 deflebant.
503 1994 635 2052 Invisum
652 1994 846 2052 Macedonum
863 2012 966 2051 nomen
980 1992 1103 2052 avaritia

83 2108 185 2147 eornm
205 2109 239 2148 ac
253 2088 345 2149 libido
359 2088 500 2148 Barbaria
515 2088 632 2147 fecerat.
676 2088 762 2146 Inter
776 2108 875 2146 omnes
889 2096 984 2146 tamen
999 2088 1101 2146 emine·

83 2184 134 2245 bat
150 2184 290 2244 Cleandri
304 2184 395 2258 furor,
409 2183 460 2263 qu'i
480 2183 607 2244 nobilem
621 2183 765 2263 virginem
779 2189 1002 2261 constupratam,
1017 2201 1100 2242 servo

83 2299 137 2339 suo
161 2279 298 2357 pellicem
319 2279 449 2338 dederat.
502 2280 641 2358 Plerique
666 2280 825 2338 anticorum
848 2279 1020 2353 Alexandri,
1043 2297 1101 2336 non

84 2382 145 2434 tam
170 2375 325 2433 criminum
348 2395 415 2453 quaa
438 2374 535 2452 palam
559 2374 781 2451 objiciebantur,
806 2374 996 2449 atrocitatem,
1010 2375 1100 2453 quim

83 2471 253 2529 memoriam
267 2470 353 2528 occisi
367 2489 420 2547 per
434 2487 483 2528 eos
497 2469 709 2546 Parmenionis,
722 2469 819 2548 'quod
835 2471 954 2528 tacitum
964 2469 1101 2546 prodesse

83 2567 143 2624 reis
156 2565 236 2643 apud
250 2565 362 2644 Regem
375 2571 501 2642 poterat,
516 2564 722 2639 intuebantur;
747 2565 808 2623 laeti
829 2565 964 2622 recidisse
978 2564 1050 2622 iram
1071 2563 1101 2622 in

84 2663 138 2720 irae
151 2661 311 2734 ministros,
325 2679 379 2718 nec
397 2659 488 2717 ullam
501 2660 661 2737 potentiam
682 2659 790 2718 scelera
804 2660 954 2738 quaesitam
968 2659 1101 2735 cuiquam

84 2777 149 2816 ease
170 2756 348 2814 diuturnam.
389 2755 467 2828 Rex,
482 2755 598 2831 cognita
619 2759 716 2829 causa,
737 2754 946 2832 pronunciavit,
962 2752 998 2810 ab
1018 2771 1100 2809 accu-

84 2852 233 2912 satoribus
246 2871 336 2909 unum
350 2857 380 2909 et
393 2849 424 2907 id
443 2850 602 2908 maximum
616 2851 725 2908 crimen
741 2868 804 2906 esse
818 2849 1005 2924 praeteritum,
1020 2845 1100 2905 ‘des-

83 2949 265 3027 perationem
289 2947 392 3005 salutis
415 2963 498 3021 suac;
529 2965 678 3023 nunquam
703 2945 777 3002 enim
804 2943 874 3000 talia
895 2960 1025 3014 ausuros,
1050 2941 1100 3019 qui

84 3043 181 3121 ipsum
196 3061 233 3100 ex
247 3041 337 3101 Indis
351 3042 491 3118 sospitem
514 3048 565 3098 aut
586 3045 738 3118 optassent
759 3037 876 3114 reverti,
891 3045 942 3096 aut
965 3037 1100 3097 credidis·

85 3145 151 3198 sent
171 3155 365 3197 reversurum.
408 3135 506 3213 Igitur
528 3135 582 3193 hos
595 3135 714 3214 quidem
727 3135 839 3195 vinxit:
862 3152 899 3192 no
915 3141 1010 3192 autern
1028 3133 1100 3192 mili·

85 3241 158 3309 tum,
186 3232 239 3312 qui
266 3232 388 3291 saevitiae
415 3251 515 3289 eornm
542 3231 670 3288 ministri
699 3231 823 3304 fuerant,
852 3230 973 3288 interfici
1000 3230 1098 3306 jussit.

87 3329 201 3388 Eodem
216 3328 263 3386 die
276 3335 423 3405 sumptum
437 3340 483 3385 est
503 3327 677 3404 supplicium
691 3326 728 3384 de
743 3327 779 3384 iis
793 3326 906 3406 qudque
921 3326 1011 3404 ‘quos
1033 3343 1097 3383 suo-

86 3432 165 3484 tores
179 3425 351 3483 deiectionis
365 3425 525 3483 Persarum
540 3422 678 3482 Craterus
693 3421 862 3480 adduxerat.

145 3527 172 3580 2.
197 3520 288 3578 Haud
302 3520 393 3578 multd
407 3524 477 3596 post
492 3519 644 3577 Nearchus
655 3524 686 3576 et
696 3516 886 3590 Onesicritus,
897 3533 970 3595 quos
984 3513 1100 3589 longids

86 3617 115 3674 in
141 3616 293 3677 Oceanum
315 3616 473 3692 procedere
493 3618 630 3691 jusserat,
656 3613 871 3689 superveniunt.
916 3608 1100 3669 Nunciabant

87 3719 184 3770 autem
197 3710 332 3790 quaedam
351 3710 461 3785 audita,
476 3709 535 3767 alia
549 3716 706 3785 comperta.
754 3706 885 3765 Insulam
909 3703 984 3762 ostio
1008 3702 1100 3761 amuis

87 3811 248 3887 subjectam
278 3826 349 3865 auro
373 3806 529 3879 abundare,
554 3805 669 3880 inopem
696 3822 835 3881 equorum
860 3817 940 3858 esse:
970 3797 1101 3876 singulos

87 3924 174 3986 arquos
196 3903 234 3964 ab
260 3902 307 3977 iis,
321 3901 374 3981 qui
398 3921 436 3962 ex
457 3899 618 3960 continenti
645 3896 782 3973 trajicere
805 3894 956 3970 auderent,
979 3891 1101 3971 singulis
