2592 4400
412 428 536 469 arnna
560 427 612 469 rx.
641 426 726 469 oar.
752 428 792 468 ιι.
1055 412 1112 473 221
1200 392 1210 411 ⁹

101 568 198 627 triana
212 566 322 626 auxilia
333 571 443 645 praesto
457 573 533 641 sunt,
548 566 649 640 Dahae,
664 565 855 646 Sogdianique
878 566 955 627 inter
975 586 1028 627 nos
1040 567 1115 629 mili-

98 668 169 723 tant.
211 655 279 720 'Nea
291 669 386 720 mmen
407 662 452 720 illi
465 662 561 722 turba
573 660 691 721 confido.
733 661 857 721 Vestras
870 682 970 722 manns
990 663 1113 737 intueor,

97 764 226 816 vestram
239 757 386 832 virtutem,
408 777 512 832 rerum,
525 776 596 836 quas
615 762 750 834 gesturus
772 776 843 831 ιιιιιι,
857 758 959 817 vadem
978 758 1114 836 praedom-

97 871 155 931 que
179 851 278 912 habeo.
321 850 467 922 Quamdiu
489 852 638 912 vobiscum
662 851 692 909 in
716 852 776 910 acie
800 852 893 927 stabo,
907 872 959 911 neo
985 853 1041 911 mei
1062 872 1113 913 nec

96 947 226 1006 hostium
240 946 384 1007 exercitus
397 966 591 1006 numeravere.
634 945 698 1005 Vos
711 946 795 1005 modd
809 946 920 1007 animos
932 948 1003 1007 mihi
1012 950 1113 1026 plenos

96 1041 258 1099 alacritatis
271 1061 305 1099 ac
315 1041 431 1101 fiduciae
443 1041 605 1101 adhibete.''

112 1123 115 1141 ⁸
155 1136 256 1196 “Non
279 1137 309 1195 in
333 1137 433 1195 limine
454 1156 572 1214 operum
599 1136 786 1215 laborumque
812 1142 983 1213 nostrorum,
1012 1137 1062 1197 sed
1082 1139 1112 1197 in

95 1233 179 1291 exitu
193 1240 309 1293 stamus.
352 1234 372 1262 ¹⁹
381 1233 571 1292 Pervenimus
592 1232 630 1291 ad
653 1233 725 1291 solis
744 1238 840 1293 ortum
853 1241 883 1292 et
896 1252 1040 1309 oceanum,
1054 1234 1112 1295 nisi

96 1328 194 1387 obstat
215 1328 348 1407 ignavia:
368 1327 435 1386 inde
448 1328 582 1403 victores,
597 1328 758 1405 perdomito
779 1329 834 1387 fine
853 1335 1004 1405 terrarum,
1018 1349 1111 1389 rever-

95 1429 191 1483 temur
212 1425 243 1482 in
264 1425 394 1501 patriam.
437 1423 539 1482 Nolite
554 1424 642 1502 (quod
664 1424 740 1503 pigri
762 1425 896 1503 agricolae
914 1426 1033 1505 faciunt)
1053 1446 1111 1485 ma·

95 1518 303 1576 turosiructus
323 1537 375 1594 per
395 1517 528 1575 inertiam
549 1517 684 1576 amittere
698 1537 714 1575 e
727 1518 867 1580 manibus.
910 1518 1024 1595 Majora
1043 1526 1111 1579 sunt
1211 1524 1213 1526 ’

94 1611 231 1689 periculis
244 1613 368 1689 praemia
395 1612 499 1694 ¹Dives
511 1612 611 1682 eadem
631 1619 661 1670 et
681 1612 807 1673 imbellis
821 1620 865 1673 est
879 1615 966 1693 regio.
1008 1614 1110 1694 Itaque

94 1726 151 1765 non
178 1714 240 1766 tam
268 1708 306 1765 ad
331 1708 453 1786 gloriam
476 1727 528 1766 vos
551 1706 632 1782 duco,
657 1710 744 1786 qnam
768 1709 804 1767 ad
833 1709 967 1785 praedam.
1020 1710 1109 1789 Digni

95 1804 174 1877 estis,
188 1802 240 1880 qui
253 1822 330 1879 opes,
344 1822 415 1881 quas
437 1803 511 1863 illud
532 1802 781 1863 mare'littoribus
802 1803 919 1878 invehit,
933 1804 1064 1863 referatis
1077 1805 1109 1863 in

93 1897 234 1974 patriam3
256 1897 338 1977 digni
350 1898 402 1977 qui
414 1897 489 1955 nihil
509 1898 699 1975 inexpertum,
720 1896 794 1955 nihil
814 1904 894 1956 metu
914 1898 1053 1957 omissum
1066 1918 1109 1958 re-

94 1992 263 2071 linquatis.”

153 2090 201 2123 ”“
211 2088 280 2163 Per,
305 2108 356 2167 ego
377 2108 438 2163 vos,
460 2087 582 2167 gloriam
602 2094 738 2161 vestram,
761 2091 820 2165 qut
846 2086 1001 2146 humanum
1027 2088 1108 2147 fasti-

94 2183 174 2262 gium
197 2182 345 2258 exceditis,
359 2203 465 2263 perque
479 2191 508 2243 et
521 2203 585 2242 mea
596 2182 629 2241 in
642 2202 702 2257 vos,
717 2189 748 2241 et
767 2182 798 2240 in
817 2202 862 2240 me
874 2189 972 2242 vestra
993 2184 1107 2260 merita,

93 2279 199 2356 quibus
226 2279 327 2337 invicti
350 2277 556 2352 contendimus,
584 2296 642 2352 oro,
670 2296 830 2356 quaesoque,
857 2297 894 2336 ne
920 2276 1108 2356 humanarum

94 2393 189 2432 rerum
202 2375 342 2432 terminos
355 2371 515 2448 ademtam,
527 2373 673 2432 alumnum
687 2373 962 2452 commilitonemque
971 2383 1107 2450 vestrum,

93 2487 128 2526 ne
154 2469 250 2526 dicam
276 2469 397 2547 Regem,
425 2469 571 2528 deseratis.
627 2468 742 2528 (laetera
768 2469 850 2529 vobis
876 2470 1024 2547 imperavi,
1054 2470 1108 2530 hoc

92 2584 182 2621 unum
196 2563 345 2622 debiturus
359 2583 430 2623 sum.
471 2565 491 2592 ²¹
503 2564 545 2622 Et
565 2563 591 2621 is
603 2583 655 2622 vos
668 2583 745 2642 rogo,
758 2563 809 2643 qui
828 2564 903 2622 nihil
923 2567 1048 2642 unqnem
1060 2549 1110 2624 vcss

92 2659 137 2719 bis
158 2659 292 2736 praecepi,
314 2659 385 2737 quin
404 2661 516 2736 primus
538 2679 586 2718 me
609 2659 744 2736 perieulis
766 2658 930 2735 obtulerim,
954 2661 1004 2738 qui
1032 2679 1107 2736 saepe

92 2756 184 2813 aciem
205 2754 306 2832 clypeo
327 2773 390 2812 mec
409 2754 479 2828 texi,
503 2773 540 2812 ne
560 2753 764 2833 infregeritis
756 2774 785 2812 ιιι
800 2755 937 2812 manibus
957 2754 1028 2812 meis
1047 2755 1106 2831 pal·

90 2869 177 2925 ruam,
200 2853 259 2928 qua
281 2842 446 2924 Herculem,
469 2848 661 2926 Liberumque
682 2849 810 2920 Patrem,
834 2848 859 2906 si
880 2848 990 2908 invidia
1010 2849 1106 2908 abfue-

90 2944 141 3020 rit,
155 2943 284 3022 aeqnabo.
327 2943 403 3002 Date
424 2943 478 3001 hoc
501 2943 634 3020 precibus
654 2943 735 3016 meis,
750 2950 779 3000 et
791 2941 907 3000 tandem
928 2915 1123 3002 obstinatum

90 3039 242 3098 silentium
267 3037 400 3115 rumpite.
443 3037 504 3098 Ubi
530 3046 575 3096 est
602 3037 651 3095 ille
679 3037 794 3110 clamor,
821 3037 922 3095 alaerit
910 3037 979 3096 tatis
1003 3045 1107 3100 vestras

89 3132 205 3192 index?
224 3132 276 3192 ubi
297 3131 349 3190 ille
369 3151 497 3192 meorum
519 3132 708 3192 Macedonum
727 3131 852 3191 vultus?
893 3133 963 3208 Non
982 3153 1106 3212 agnosco

90 3247 151 3303 vos,
175 3227 294 3301 milites,
313 3247 365 3285 uec
386 3228 502 3306 agnosci
522 3226 621 3286 videor
640 3247 658 3284 a
678 3226 768 3290 vobis.
810 3227 918 3288 Surdas
937 3230 1106 3306 jamdudum

90 3341 176 3382 aures
189 3323 282 3400 pulso.
322 3323 449 3383 Aversos
462 3322 573 3380 animos
586 3329 616 3380 et
629 3321 767 3382 infractos
780 3323 906 3384 excitare
920 3327 1032 3384 conor.’'

151 3422 178 3477 7.
203 3415 332 3495 (lumque
354 3417 400 3475 illi
419 3416 450 3473 in
470 3423 578 3474 terram
598 3415 731 3476 demissis
753 3417 897 3495 capitibus
920 3424 1016 3477 tacere
1043 3437 1105 3494 per·

89 3517 265 3585 severarant,
288 3511 308 3538 ²²
319 3511 453 3570 “Nescio
466 3509 566 3588 quid,’'
588 3509 693 3589 inquit,
716 3515 733 3544 ‘⁴
744 3511 909 3589 imprudens
929 3513 960 3568 in
972 3530 1023 3570 vos
1036 3511 1104 3569 deli·

88 3609 148 3687 qui,
170 3606 249 3685 qubd
270 3625 316 3664 me
336 3625 373 3664 ne
394 3605 501 3664 intueri
521 3605 637 3683 quidem
658 3606 755 3666 vultis.
798 3606 835 3665 In
859 3605 1013 3666 solitudine
1033 3604 1104 3664 mihi

89 3703 191 3762 videor
218 3720 288 3760 esse.
338 3701 431 3760 Nemo
456 3700 619 3778 respondet,
646 3719 730 3760 nemo
758 3701 859 3760 saltem
881 3707 975 3777 negat
1026 3699 1104 3770 Quos

88 3796 244 3876 alloquor?
285 3795 364 3867 Quid
384 3802 481 3854 autem
500 3795 638 3872 postulo?
679 3795 816 3856 Vestram
830 3793 959 3873 gloriam,
974 3802 1004 3852 et
1027 3815 1103 3873 mag·

88 3892 252 3952 nitudiusm
265 3889 450 3951 vindicamus.
492 3889 552 3950 Ubi
572 3896 638 3949 sont
658 3887 712 3964 illi,
725 3907 846 3967 quorum
858 3894 1003 3948 certamen
1017 3889 1103 3970 paulo
