2592 4400
189 361 231 423 90
541 379 682 432 qursrr
710 380 851 423 cusum

190 521 243 581 rix
265 518 390 599 singulis
412 518 535 599 pervios,
549 520 647 579 omnis
670 520 782 599 contegi
808 517 970 594 frondibus,
985 519 1215 599 'inplexosque

190 614 328 674 arborum
340 632 436 673 ramos
450 614 547 692 sylves
560 616 750 675 committere.
793 614 822 673 N
825 634 926 693 smque
948 614 1050 673 Persis
1065 614 1104 675 sb
1118 616 1216 675 altero

190 707 284 767 lstere
296 709 446 786 perpetuis
459 710 602 769 montium
620 712 700 789 jugis
724 710 881 785 cisuditur,
896 709 994 789 'quod
1003 710 1035 768 in
1050 709 1214 789 longitudi-

119 780 258 877 mnem
282 822 344 862 rsno
369 804 474 877 stedia,
494 805 526 863 in
548 804 735 865 lstitudinem
760 824 838 865 onxx
858 804 1012 883 procurrit.
1056 804 1128 863 Hoc
1149 804 1215 862 dor·

115 952 120 959 ,
191 918 256 957 sum
269 918 288 956 s
302 897 431 959 Ocucsso
444 906 544 958 moute
569 899 607 959 sd
629 900 771 960 ‘rubrum
796 900 880 958 Mers
902 900 1048 976 pertinet:
1072 899 1215 977 'queque

71 1062 76 1072 ι
191 992 290 1052 deficit
302 1013 393 1068 mons,
408 993 489 1052 uliud
502 993 721 1069 munimentum,
731 995 840 1053 fretum
854 994 999 1071 objectum
1013 1001 1066 1053 est
1112 993 1214 1052 Pleni·

191 1088 248 1147 ties
275 1088 380 1147 deinde
408 1088 464 1147 sub
495 1088 645 1149 radicibus
673 1089 815 1148 montium
849 1090 977 1167 spatiose
1002 1087 1212 1166 'procumbitz

190 1168 298 1243 fertilis
312 1192 400 1259 terre,
414 1183 573 1263 multisque
587 1184 659 1243 vicis
673 1192 760 1263 utque
774 1184 895 1244 urbibus
909 1186 1054 1264 frequens.
1091 1186 1214 1243 Araxes

100 1269 283 1362 watenis
297 1300 348 1357 per
361 1280 414 1339 hos
432 1298 548 1356 campos
571 1279 731 1339 multorum
745 1300 833 1359 squss
854 1280 1025 1340 torrentium
1046 1279 1171 1339 evolvit¹
1181 1279 1214 1337 in

193 1376 323 1435 Medum.
366 1375 474 1435 Medus
497 1375 536 1435 sd
556 1394 645 1450 mure,
668 1376 819 1435 meridiem
846 1377 960 1451 versds,
981 1376 1093 1435 'minor
1115 1377 1213 1435 emnis

192 1490 227 1530 co
242 1490 337 1584 quem
360 1471 481 1547 sucepit,
506 1470 657 1547 evehitur,
688 1471 898 1551 gignendaeque
921 1470 1020 1531 herber
1046 1491 1105 1529 non
1134 1472 1213 1531 siius
1280 1494 1281 1503 2

192 1573 239 1650 est
260 1566 363 1643 sptior,
388 1567 530 1645 quidquid
550 1566 645 1642 siluit,
666 1567 787 1627 floribus
807 1568 943 1627 vestiens.
995 1566 1116 1627 Plsteui
1141 1587 1212 1646 quo

191 1682 248 1742 que
261 1669 292 1721 et
313 1663 412 1740 populi
432 1669 593 1741 contegunt
606 1662 694 1739 ripss,
708 1662 771 1721 ’iss
785 1670 820 1722 nt
842 1663 945 1741 procul
959 1662 1123 1723 visentibus
1145 1682 1212 1721 con·

117 1742 181 1817 360
192 1758 305 1829 tinpsts
317 1759 472 1817 rideantur
484 1757 633 1817 montibus
655 1776 774 1817 nemore
795 1758 932 1836 riparum.
977 1756 1092 1835 Quippe
1108 1758 1212 1817 obum-

107 1862 112 1869 ’
192 1853 294 1915 brutus
307 1854 409 1929 omnis,
424 1873 524 1931 presso
538 1854 569 1911 in
592 1852 687 1913 scium
709 1853 850 1915 dilabitur
873 1854 975 1913 slveo:
996 1854 1212 1933 inminentque

191 1951 289 2024 colles,
317 1949 374 2027 ipsi
399 1964 513 2030 quoque
539 1947 695 2008 frondibus
721 1948 791 2023 laeti,
819 1949 930 2007 radices
959 1968 1061 2007 eorum
1080 1946 1208 2009 humore

191 2046 343 2105 subeunte.
396 2044 490 2122 Regio
513 2045 591 2104 'non
615 2043 674 2102 siis
702 2046 765 2103 tots
793 2043 869 2104 Asis
897 2042 1041 2105 sslubrior
1061 2043 1209 2106 hebetur:

192 2148 335 2218 temperet
347 2139 452 2200 eoelum
465 2138 533 2200 hinc
545 2146 720 2218 perpetuum
731 2141 834 2218 jugum
848 2158 969 2218 opacum
983 2146 1014 2198 et
1026 2138 1209 2216 umbrosum,

110 2225 270 2315 ,iss-qum
283 2244 373 2295 cestus
387 2237 480 2312 levet,
504 2236 584 2294 illino
597 2255 676 2301 mere
690 2235 869 2313 adjunctum,
884 2236 963 2316 quod
976 2235 1090 2294 modico
1105 2243 1211 2314 tepore
1280 2299 1281 2310 ,

192 2339 286 2390 terras
294 2331 381 2390 fovet

256 2429 299 2485 14.
323 2427 382 2486 His
402 2426 534 2503 captiuus
555 2426 696 2503 expositis
719 2425 915 2506 interrogatus
928 2445 946 2484 s
960 2426 1051 2505 Rege,
1066 2426 1210 2486 auditune
1280 2491 1281 2508 χ

193 2541 230 2580 sn
243 2521 335 2580 oculis
349 2529 496 2600 comperte
518 2521 648 2596 heberet,
662 2541 729 2600 quse
750 2522 880 2582 diceret:
901 2529 1047 2599 pestorem
1061 2542 1091 2582 se
1105 2517 1209 2598 fuisse,
1280 2523 1281 2568 ἕ

193 2625 225 2677 et
237 2636 336 2676 omnes
350 2637 399 2676 eos
413 2617 502 2676 ealles
524 2617 700 2694 percurrisse
720 2618 888 2696 respondit;
911 2617 956 2678 bis
976 2625 1102 2696 ceptum,
1117 2619 1210 2678 semel
1259 2649 1262 2656 ·

105 2713 325 2824 jjocj'crsm
348 2714 379 2772 in
401 2713 505 2792 Lycio,
519 2713 631 2793 iterum·
647 2713 684 2774 sb
706 2713 777 2791 ipso.
820 2711 906 2774 Subit
920 2713 1210 2803 enimummemoris

194 2810 288 2889 Regis
312 2811 429 2870 orcculo
453 2809 543 2868 editae
565 2808 661 2867 sortis.
714 2807 829 2887 Quippe
851 2809 1012 2868 consulenti
1036 2829 1209 2888 responsum

194 2914 267 2981 erut,
291 2907 393 2966 ducem
415 2908 446 2964 in
467 2904 623 2965 Persidem
644 2904 766 2964 ferentis
792 2906 849 2964 viae
873 2903 995 2983 Lycium
1019 2905 1113 2966 civem
1135 2907 1207 2966 fore.

196 3005 215 3031 ¹⁰
223 3002 321 3079 Igitur
342 3001 502 3080 promissis,
528 3007 638 3078 quuntc
665 3007 696 3058 et
722 3019 850 3078 praesens
875 3000 1033 3060 necessisse
1061 3001 1208 3080 exigebat,

193 3093 232 3156 et'
250 3097 344 3171 ipsius
366 3097 486 3154 fortune
512 3093 655 3170 cupiebat,
679 3102 840 3170 oneratum,
868 3095 975 3154 srmsri
999 3095 1085 3172 jubet
1113 3097 1209 3156 Mace-

101 3163 302 3283 Jlsdonum
314 3209 411 3249 more:
432 3197 472 3264 et,
486 3189 564 3269 quod
578 3189 652 3248 bend
666 3197 803 3266 verteret,
815 3179 974 3250 monstrare
988 3191 1058 3268 iter,
1074 3193 1209 3270 quamvis

194 3285 318 3346 arduum
331 3292 362 3343 et
375 3304 512 3363 praeceps,
527 3300 680 3344 evasurum
695 3305 725 3346 se
740 3305 803 3344 esse
824 3306 890 3346 cum
913 3286 1029 3364 paucis:
1051 3287 1110 3346 nisi
1129 3288 1209 3347 fonte
1280 3349 1281 3356 ,

193 3376 335 3455 crederet,
348 3381 407 3459 qud
420 3379 483 3457 ipse
496 3379 609 3458 pecoris
624 3383 711 3438 causei
730 3385 813 3455 isset,
828 3381 1031 3440 Alexandrum
1045 3402 1097 3459 pro
1112 3383 1208 3462 glorie

194 3479 379 3555 etperpetud
393 3474 480 3534 leude
494 3475 537 3533 ire
550 3494 608 3534 non
622 3493 715 3553 posse.
758 3475 859 3536 Etiam
882 3483 969 3554 etque
990 3477 1079 3536 etism
1103 3478 1207 3538 docere
1280 3513 1281 3526 ἢ

195 3573 336 3650 captivus,
359 3573 449 3650 quem
475 3570 593 3630 difficile
620 3572 678 3630 iter
705 3579 790 3647 esset,
814 3571 938 3653 maxime
963 3573 1088 3632 ermetis.
1133 3574 1208 3634 Tum
1280 3565 1281 3594 ἶ

123 3639 279 3734 <idsteten
302 3666 465 3727 “Praedem
489 3667 562 3740 me,’'
587 3667 693 3746 inquit,
719 3667 847 3744 “accipe,
871 3667 1015 3725 neminem
1038 3686 1138 3728 eorum
1158 3670 1208 3749 qui
1280 3673 1281 3700 ³

198 3770 367 3840 sequuntur,
380 3769 582 3820 recusaturum
596 3761 639 3819 ire
652 3763 712 3839 qud
726 3761 841 3820 duces.’'
884 3762 903 3790 ¹¹
916 3758 1035 3820 Cratero
1056 3763 1157 3841 igitur,
1171 3765 1209 3824 sd
1280 3791 1281 3796 ¹

196 3856 357 3916 custodiam
372 3863 534 3914 castrorum
555 3855 667 3930 relicto,
682 3874 747 3914 cum
760 3854 908 3933 peditibus
928 3856 1011 3934 queis
1032 3865 1207 3936 assueverat,
