2592 4400
416 442 537 483 ιιιιιιιι
562 442 615 482 vr.
645 444 729 485 este.
758 445 810 485 vi.
912 505 915 509 Ι
1065 430 1120 491 123

97 576 363 655 eipeslsmioorum,
377 586 407 639 et
419 580 577 640 exereitum
590 582 719 661 graviter
733 583 846 660 offendi,
860 584 983 663 gretiam
996 583 1120 645 liberali·

97 680 171 731 tate
185 672 324 752 donisque
337 694 471 751 reparare
483 675 623 735 tentabat.
666 676 733 753 sed,
748 677 857 755 opinor,
872 678 972 738 liberis
994 678 1120 757 pretium

97 767 255 827 servitutis
277 768 422 847 ingratum
443 776 494 829 est
536 770 641 848 Igitur,
656 790 691 829 ue
704 771 735 829 iu
757 772 927 831 seditionem
940 791 985 831 res
999 778 1120 831 vertere·

98 868 166 936 tur,
181 863 271 921 otium
284 862 524 941 interpellandum
538 872 600 924 erat
620 866 706 941 bello,
721 868 803 943 eujus
821 866 942 926 materia
962 867 1119 943 opportune

98 957 247 1017 alebatur.
297 956 430 1037 Namque
450 958 566 1033 Bessus,
586 967 666 1019 veste
685 960 765 1039 regib
786 964 907 1037 sumpte,
928 961 1120 1021 Artaxerxem

98 1050 248 1129 appellari
262 1071 293 1111 se
304 1054 439 1129 jusserat,
453 1052 632 1133 Scythasque
647 1062 678 1113 et
690 1062 809 1115 ereteros
820 1054 926 1115 Tanais
936 1056 1046 1115 aeoolas
1057 1074 1120 1113 oon·

100 1146 250 1207 trahebat.
292 1146 366 1209 Haeo
387 1148 588 1209 Satibarzanes
609 1150 781 1227 uunoiabet3
811 1170 895 1229 quem
921 1157 1068 1227 reoeptum
1090 1149 1121 1210 iu

98 1242 203 1317 fidem,
217 1243 327 1321 regioni
340 1264 424 1322 quam
437 1245 523 1303 anteit
537 1245 699 1304 obtinuerat
712 1246 849 1323 praefeoit.
901 1244 942 1305 Et
955 1246 1022 1303 edm
1034 1263 1121 1323 greve

80 1350 87 1357 '
99 1336 210 1414 spoliis
220 1346 415 1417 apparatuque
423 1338 546 1397 luxuria
555 1358 659 1417 agmen
669 1340 719 1399 vix
728 1346 897 1415 moveretur,
909 1358 974 1399 suas
984 1340 1120 1417 primum,

100 1430 214 1490 deinde
228 1432 318 1491 totius
332 1432 480 1491 exercitiis
497 1422 935 1513 sarcinas,exoeptisadmodi1m
945 1433 1120 1509 necessariis,
1148 1462 1150 1467 ·

98 1526 230 1585 eonferri
248 1528 338 1603 jussit
350 1526 381 1585 iu
394 1528 528 1587 medium.
591 1528 734 1589 Planities
754 1529 881 1606 spatiosa
901 1537 973 1604 eret,
988 1529 1018 1588 iu
1037 1548 1122 1608 quam

98 1622 238 1683 -vehieula
260 1629 364 1681 onusta
387 1621 586 1699 perduxerant
647 1622 888 1701 Exspectantibes
915 1624 1024 1683 eunetis
1050 1622 1121 1702 quid

100 1715 211 1777 deinde
234 1724 310 1775 esset
328 1718 531 1795 imperaturus,
543 1720 674 1794 jumenta
692 1719 783 1795 jussit
804 1718 915 1793 abduei,
930 1719 1044 1797 suisque
1065 1716 1122 1795 pri·

101 1816 190 1872 mrim
204 1812 325 1871 sarcinis
338 1812 402 1871 faee
416 1812 544 1887 moute,
559 1818 679 1873 oaeteras
691 1813 806 1873 incendi
819 1812 963 1891 preeeepit
1005 1812 1121 1891 Flagra

99 1910 187 1983 M>
201 1907 389 1967 exurentibus
403 1906 536 1982 dominis,
550 1907 633 1985 'quae
644 1914 679 1967 ut
691 1908 801 1969 intesta
814 1926 852 1967 ex
864 1906 984 1968 urbibus
996 1906 1122 1967 hostium

103 2010 251 2081 raperent,
273 2022 348 2079 stepe
370 2003 500 2061 flammas
520 2003 745 2079 restrinxeraut3
767 2002 848 2062 nullo
871 2001 1042 2081 ⁹sanguinis
1061 2021 1122 2078 pre·

103 2100 186 2168 tium
207 2096 329 2158 audente
352 2096 465 2172 deflere,
486 2100 558 2156 edm
580 2097 675 2174 regias
698 2116 766 2176 opes
788 2097 866 2157 idem
888 2097 964 2177 iguis
982 2102 1121 2157 exureret.

104 2194 216 2256 Brevis
229 2192 333 2253 deinde
346 2192 439 2253 oratio
451 2191 598 2273 mitigavit
617 2192 761 2272 dolorem3
785 2194 805 2224 ¹⁰
815 2192 981 2276 habilesque
1000 2191 1123 2268 militiae,

104 2286 190 2351 etad
203 2289 299 2349 omnia
310 2287 405 2366 parati
417 2288 591 2348 laetebautur
610 2288 859 2350 sarcinarumt
808 2309 845 2368 po
847 2289 918 2366 tids,
932 2309 1018 2370 quam
1040 2289 1123 2348 disei-

102 2386 197 2466 plina
208 2383 311 2444 fecisse
328 2386 479 2461 jacturae

39 2469 41 2471 ’
175 2479 370 2559 16st¹1gitur
391 2478 579 2537 Baetrianam
599 2479 746 2558 regionem
767 2439 912 2558 petebant,
955 2479 1014 2541 Sed
1038 2481 1123 2540 Nioa-

103 2596 165 2638 nor
185 2574 388 2634 Parmenionis
400 2574 488 2648 filius,
503 2573 602 2634 subita
616 2581 709 2634 morte
722 2582 881 2654 surreptus,
895 2595 999 2654 magno
1013 2574 1123 2635 deside·

105 2673 155 2732 rio
168 2691 217 2730 sur
205 2671 365 2729 affecerat
378 2676 503 2728 eunetos.
545 2668 613 2728 Rex
637 2676 704 2729 ante
719 2689 818 2731 omnes
841 2677 970 2743 moestus,
991 2671 1125 2748 eupiebet

105 2767 229 2849 quidem
243 2765 440 2838 ”subsistere
464 2764 561 2823 funeri
585 2764 748 2841 affuturus;
771 2765 822 2824 sed
846 2764 966 2842 penuria
987 2784 1123 2824 commea·

106 2861 348 2922 tuumfestinare
361 2859 492 2937 cogebat.
534 2859 639 2938 Itaque
661 2859 796 2920 Philotas
815 2879 881 2918 euru
906 2859 1018 2919 duobus
1038 2860 1124 2918 milli·

107 2961 168 3020 bus
182 2965 212 3014 et
225 2975 265 3015 no
279 2955 408 3028 relictus,
422 2962 456 3013 ιιι
478 2956 560 3031 justa
580 2955 665 3014 fratri
685 2954 878 3031 persolveret:
899 2954 962 3031 ipse
975 2955 1125 3014 oontendit

107 3053 152 3112 ad
179 3051 312 3110 Bessum.
354 3049 417 3108 Iter
443 3049 574 3107 facienti.
588 3049 698 3110 litterae
725 3048 752 3108 ei
779 3049 938 3109 afferuutur
958 3070 975 3108 a
994 3049 1125 3109 finitimis

110 3148 312 3224 Satraparum,
326 3165 342 3203 e
355 3144 462 3223 quibus
475 3145 631 3221 eognoseit,
646 3143 771 3203 Bessum
785 3143 902 3222 quidem
916 3145 1016 3204 hostili
1030 3146 1125 3206 auimo

109 3260 264 3304 ooeurrere
291 3259 357 3298 eum
381 3239 527 3298 exercitu:
557 3240 696 3299 oaeterdm
719 3239 944 3316 Satibarzanem,
966 3261 1052 3321 quem
1075 3240 1125 3302 Sa·

111 3337 218 3414 tropioe
242 3335 380 3393 Ariorum
401 3333 465 3411 ipse
488 3333 675 3410 praefecisset,
698 3333 836 3394 delenisse
864 3335 900 3394 eb
928 3354 969 3395 eo.
1020 3335 1126 3414 Itaque

110 3450 279 3514 quanqum
300 3429 395 3488 Besso
417 3429 594 3503 imminebat,
616 3436 714 3488 tamen
736 3429 774 3488 ad
796 3429 1011 3493 Satibarzanem
1032 3430 1126 3506 oppri-

111 3528 288 3587 mendum¹
289 3525 449 3602 'praeverti
475 3525 616 3602 optimum
644 3544 676 3582 re
678 3531 734 3600 tus,
768 3524 862 3584 lovem
895 3533 1070 3586 armaturam
1098 3532 1128 3584 et

114 3630 265 3732 equestres
287 3620 385 3697 eopias
408 3619 524 3678 edueit:
546 3623 666 3698 totique
687 3627 771 3678 noete
742 3621 909 3679 tetreuud
923 3620 1038 3682 faeti
971 3627 1000 3677 to
1015 3619 1038 3676 it
1040 3619 1126 3696 inere,

114 3715 300 3797 improvisus
315 3715 393 3774 hosti
416 3715 591 3792 supervenit.
643 3713 735 3790 Cujus
760 3714 875 3793 cognito
898 3714 1031 3786 adventu,
1054 3713 1128 3772 Sati·

115 3817 255 3876 baruaues
282 3830 347 3868 eum
375 3809 488 3868 duobus
518 3809 647 3867 millibus
676 3809 806 3886 equitum
834 3808 899 3883 (neo
925 3808 1002 3868 euim
1030 3809 1129 3885 plures

115 3909 214 3970 subito
235 3905 369 3974 oontrahi
391 3906 538 3982 poterant)
564 3903 672 3962 Baetra
693 3903 842 3980 perfugit:
864 3903 962 3962 oaeteri
982 3904 1129 3980 proximos
