2592 4400
86 89 91 110 ,
148 94 151 106 ,

191 119 229 352 l

190 401 229 458 46
540 413 680 464 oururr
706 411 845 454 cuarrr

191 575 313 634 eumque
325 554 494 614 felicitatem
509 551 642 626 habeant,
657 551 798 611 invidiam
819 559 916 610 tamen
929 552 1037 610 sentire
1052 553 1211 628 majorem.

173 650 308 730 sVereri,
322 669 359 706 ne
380 668 411 708 se
435 651 531 707 avium
556 647 651 720 modo,
665 666 737 724 quas
757 645 899 704 naturalis
920 646 1024 705 levitas
1044 655 1146 724 ageret
1165 646 1215 704 ad

193 746 297 817 sidera,
313 745 391 802 inani
416 763 449 802 aa
472 742 577 820 puerili
602 743 707 800 menes
729 741 835 801 affeetu
859 741 1112 825 efferta.r,rrnn
1134 741 1214 798 siffi-

16 833 276 934 csffhflhilius
305 859 375 915 esse,
403 839 491 918 quiam
518 839 548 896 in
581 837 633 897 illa
660 845 747 896 aetate
774 844 885 896 tanum
918 856 1021 914 capere
1049 837 1213 894 fortunam.

189 936 202 962 '⁶
213 935 325 994 Multas
340 953 370 992 se
391 933 484 992 adhue
507 932 645 1012 reliquias
667 931 783 1004 hahere,
796 951 858 998 nec,
871 951 983 1009 semper
996 931 1046 990 ‘in
1061 931 1273 1010 angustiis,

193 1049 276 1106 posse
291 1029 473 1106 deprehendi.
517 1027 738 1086 Transeundum
751 1046 814 1085 esse
828 1026 999 1086 Alexandro
1013 1026 1216 1103 Euphratem,

195 1125 368 1203 Tigrimque,
384 1131 414 1182 et
428 1125 557 1196 Araxen,
572 1129 602 1179 et
625 1121 794 1198 Hydaspen,
809 1141 914 1200 magna
933 1120 1111 1180 munimenta
1124 1121 1218 1198 regni

194 1239 207 1276 s
231 1221 247 1277 '.
291 1217 476 1290 Veniendum
490 1218 520 1274 in
534 1235 658 1292 campos,
674 1216 726 1274 ubi
747 1216 895 1292 paucitate
909 1235 1026 1275 suorum
1039 1215 1217 1276 erubescen-

12 1285 263 1398 lsffsfflq'm
290 1315 336 1372 sit.
380 1312 518 1384 Mediam,
548 1311 738 1387 Hyrcaniam,
766 1311 884 1384 Baetra,
912 1320 943 1370 et
968 1295 1070 1384 Indos,
1097 1311 1219 1373 Oceani

89 1435 100 1464 e
195 1398 314 1479 adcolas,
329 1407 442 1485 quandh
457 1406 613 1479 aditurum,
627 1425 665 1463 ne
680 1405 838 1482 Sogdianos
859 1414 888 1464 et
909 1406 1096 1479 Arachosios,
1118 1407 1217 1464 nomi·
1228 1433 1263 1466 t

195 1523 269 1576 nem,
284 1512 459 1580 caeterasque
473 1508 583 1580 gentes,
598 1501 635 1558 ad
651 1499 812 1559 Caucasum
825 1509 856 1558 et
871 1501 991 1560 Tanaim
1006 1502 1217 1579 pertinentes?

196 1597 406 1658 Senescendum
429 1597 490 1654 fore
509 1602 621 1653 tantum
643 1601 785 1653 terrarum
800 1596 846 1655 vel
870 1596 932 1654 sine
956 1596 1056 1673 praelio
1077 1597 1215 1657 obeunti.

190 1693 204 1750 .'
217 1691 254 1751 Se
268 1693 335 1750 vero
350 1692 387 1749 ad
409 1691 504 1769 ipsum
518 1709 619 1748 vocare
642 1690 804 1749 desineret:
825 1711 948 1769 namque
970 1693 1049 1750 illius
1069 1692 1162 1751 exitio
1180 1713 1218 1751 se
1240 1716 1244 1724 ·

10 1775 97 1872 We
125 1772 258 1850 fflesse
272 1787 453 1846 venturum.’'
496 1785 673 1860 Alexander,
697 1786 751 1860 his,
766 1786 816 1863 qui
838 1786 953 1844 litteras
975 1787 1144 1861 attulerant,
1166 1809 1217 1846 re-

163 1930 175 1956 ,
196 1883 326 1961 spondit:
342 1879 568 1940 “Darium⁸sibi
578 1881 673 1938 aliena
683 1881 867 1957 promittere;
882 1882 1275 1959 quodtotumamiseritfl

195 1979 269 2038 velle
283 1978 393 2056 partiri
437 1977 508 2036 Doti
522 1977 578 2036 sibi
592 1965 657 2034 dari
670 1977 806 2054 Lydiam,
821 1977 945 2051 Ioniam,
961 1978 1119 2053 AEolidem,
1136 1979 1217 2038 Hel·

195 2074 320 2174 lesponti
334 2093 421 2148 oram,
435 2073 585 2132 ‘victoriae
599 2091 660 2130 suae
674 2074 810 2149 praemia:
831 2073 910 2150 leges
925 2075 944 2103 ¹⁰
953 2081 1050 2132 autem
1064 2094 1081 2131 a
1094 2075 1218 2133 victori·

196 2168 251 2254 bus
281 2168 354 2245 diei;
384 2169 475 2246 aoeipi
503 2188 520 2227 a
546 2168 642 2228 victis.
685 2167 723 2227 In
749 2176 816 2227 ntro
843 2176 923 2229 statu
947 2169 1030 2229 ambo
1054 2178 1161 2245 essent,
1186 2173 1218 2231 si

9 2256 277 2355 quffl'solus
301 2264 456 2341 ignoraret,
471 2264 687 2342 quamprimum
710 2264 807 2323 Marte
820 2265 1012 2342 decerneret:
1035 2286 1066 2325 se
1085 2288 1216 2346 quoque,
1285 2319 1286 2328 ,

153 2401 160 2415 .
198 2360 265 2417 erim
281 2362 433 2417 transisset
453 2379 540 2433 mare,
555 2379 612 2419 non
628 2358 827 2421 Ciliciam'aut
850 2361 984 2438 Lydiam,
1000 2362 1119 2440 (quippe
1134 2352 1269 2425 tantid

197 2454 269 2515 belli
294 2454 427 2532 exiguam
450 2455 523 2512 hano
548 2474 609 2513 esse
637 2455 809 2534 mercedem)
831 2457 882 2514 sed
905 2456 1094 2533 Persepolim,
1123 2469 1218 2537 eaput
1285 2465 1286 2538 ,

198 2550 279 2627 regni
294 2553 365 2627 ejus,
381 2550 489 2608 Baetra
505 2550 618 2623 deinde,
635 2550 794 2625 Ecbatana,
808 2552 963 2629 ultimique
985 2552 1116 2612 Orientis
1130 2575 1216 2614 oram

200 2647 219 2674 ¹¹
231 2646 351 2723 imperio
376 2665 427 2704 sno
452 2646 622 2703 destinasse.
666 2636 853 2725 Quheumque
873 2648 923 2705 ille
943 2647 1043 2726 fugere
1058 2651 1215 2727 potuisset,

13 2732 97 2830 jn
121 2720 290 2834 *ipsum
320 2742 401 2821 sequi
434 2761 525 2819 posse.
582 2741 736 2799 Desineret
769 2750 880 2801 terrere
912 2744 1089 2819 fluminibus,
1124 2767 1214 2825 quem

199 2826 286 2898 sciret
310 2840 401 2901 maria
426 2837 590 2897 transisse.”
633 2837 731 2916 Reges
754 2838 872 2916 quidem
892 2838 1014 2899 invieem
1037 2840 1099 2907 haec
1120 2844 1212 2920 serip—
1244 2878 1250 2890 ·

199 2943 303 2993 serant.
657 2927 681 2952 i·
973 2981 978 2991 .

212 3078 216 3085 .
252 3034 304 3115 21.
328 3029 386 3089 Sed
401 3029 511 3087 Rhodii
531 3029 631 3088 urbem
647 3048 729 3087 suam
749 3036 909 3107 portusque
923 3028 1070 3088 dedebant
1083 3032 1213 3091 Alexan-

200 3127 260 3183 dro.
304 3125 362 3184 Ille
378 3123 509 3195 Ciliciam
525 3124 638 3185 Socrati
661 3125 838 3201 tradiderat,
862 3125 983 3184 Philota
1002 3128 1112 3205 regioni
1134 3130 1215 3188 eirea
1266 3131 1271 3145 '

24 3207 310 3299 ffsff'syrnm
330 3223 412 3297 ⁸iusso
435 3220 605 3297 praesidere:
629 3220 754 3297 Syriam,
768 3240 834 3298 quae
860 3220 939 3281 Coele
961 3222 1135 3298 appellatur,
1151 3226 1213 3283 An·

200 3297 354 3389 dromeeho
369 3316 524 3375 Parmenio
539 3315 708 3390 tradiderat,
723 3316 806 3390 bello,
820 3317 898 3395 qnod
916 3327 1076 3393 supererat,
1091 3316 1213 3383 interfu-

141 3400 144 3407 ’
201 3422 291 3471 turus.
333 3408 410 3485 Rei,
431 3411 640 3487 Hephaestione
662 3411 815 3470 Phoenices
830 3431 910 3469 oram
924 3412 1016 3469 classe
1036 3416 1213 3488 praetervehi

205 3490 295 3585 jusso,
311 3506 463 3565 adnrbem
487 3504 594 3565 Geram
616 3524 681 3563 oum
704 3506 837 3565 omnibus
859 3506 950 3584 copiis
968 3508 1056 3565 venit.
1100 3492 1213 3569 Iisdem
1282 3459 1284 3586 l

200 3605 260 3670 ferd
282 3602 384 3678 diebus
408 3600 425 3629 ¹⁹
435 3600 560 3659 solemne
583 3606 645 3657 erat
666 3598 812 3658 ludicrum
837 3601 1034 3675 Isthmiorum,
1048 3603 1124 3681 quod
1148 3624 1212 3685 opn-
1279 3605 1282 3624 ¹

20 3672 88 3743 Ν)
118 3678 287 3767 &ventu
301 3697 392 3755 totius
408 3694 527 3755 Graeciae
542 3695 714 3755 celebratur.
756 3694 793 3753 In
808 3715 842 3753 eo
856 3697 986 3770 coneilio,
1000 3704 1035 3754 nt
1048 3705 1118 3755 sunt
1131 3697 1212 3758 Grae
1279 3651 1283 3794 l

157 3819 160 3827 Δ
200 3781 298 3851 corum
321 3787 522 3876 1³temporaria
542 3787 850 3867 ingeuihyrdeceruunt,
864 3799 898 3848 ut
912 3792 1065 3849 duodecim
1085 3790 1211 3869 legaren·
1281 3835 1282 3838 η

160 3910 162 3915 ·
201 3895 247 3944 tur
258 3888 294 3943 ad
307 3887 425 3965 Regem,
437 3884 487 3961 qui
498 3884 534 3943 ob
545 3904 591 3943 res
602 3904 656 3961 pro
671 3884 764 3969 salute
779 3884 944 3945 Sraeeiae‘ao
954 3884 1090 3943 libertate
1104 3894 1211 3963 gestas,
1276 3855 1283 3956 l
