2592 4400
392 382 517 433 niusa
546 389 841 436 v11.‘csr..v11.
1070 374 1124 435 loe

106 533 300 594 lacessebant.
343 531 412 609 Ipse
425 550 484 589 non
498 531 633 591 insistere
655 531 686 590 in
710 534 797 609 terit,
811 550 868 591 non
889 550 962 611 equo
976 531 1052 607 vehi,
1065 550 1124 591 non

106 630 224 703 docere,
246 648 305 687 non
328 628 440 686 hortari
462 647 532 687 suos
555 636 679 706 poterat.
723 628 856 705 Ancipiti
880 627 1010 704 periculo
1030 627 1124 706 impli-

105 726 194 797 citus,
219 724 299 782 Deos
320 740 433 801 quoque
458 723 601 796 incusans,
625 723 803 800 querebatur
823 743 855 781 se
877 725 974 799 jacere
995 742 1121 801 segnem,

105 816 193 896 eujus
206 818 388 878 velocitatem
412 836 496 875 nemo
511 819 597 875 antei
610 817 754 876 valuisset
775 818 909 896 effugere.
953 817 1037 877 ‘Vix
1055 837 1122 877 suos

103 913 226 973 credere
247 931 305 972 non
328 912 460 971 simulari
473 912 677 972 ualetudinem.
721 912 826 991 Itaque
840 913 891 991 qui
911 920 978 991 post
998 912 1121 973 Darium
1185 929 1189 937 ·

105 1011 215 1068 victum
230 1008 336 1067 ariolos
346 1015 377 1066 et
390 1014 472 1066 vates
492 1008 641 1066 consulere
664 1007 799 1082 desierat,
814 1009 917 1068 rursus
932 1008 970 1066 ad
984 1010 1121 1085 supersti-

103 1106 217 1163 tionem
242 1104 431 1162 humanarum
461 1103 602 1161 mentium
625 1102 776 1162 ‘ludibria
802 1103 959 1179 revolutus,
988 1103 1119 1162 Aristan·

103 1200 200 1273 dium,
224 1199 272 1257 cui
295 1198 498 1257 credulitatem
522 1216 605 1256 suam
629 1197 793 1274 addixerat,
807 1198 958 1276 explorare
984 1206 1121 1259 eventum

101 1315 203 1354 rerum
217 1293 364 1353 sacrifieiis
374 1294 467 1372 jubet.
908 1357 924 1375 ι

164 1394 212 1449 29.
236 1390 302 1448 Mos
325 1397 387 1447 erat
409 1388 590 1465 aruspicibus
611 1394 680 1447 exta
707 1388 791 1447 'sine
818 1389 901 1467 Rege
928 1398 1068 1468 spectare,
1090 1396 1120 1449 et

99 1504 167 1565 quaa
190 1484 438 1561 portenderentur,
452 1482 570 1542 referre.
612 1482 696 1543 Inter
718 1483 779 1543 haee
792 1484 867 1559 Rex,
881 1484 950 1543 dum
969 1484 1052 1545 fibris
1071 1504 1118 1563 pe·

99 1580 210 1640 cudum
234 1579 420 1656 explorantur
441 1585 563 1638 eventus
585 1577 739 1638 latentium
763 1580 1005 1658 rerum,propi1is
1023 1580 1119 1659 ipsum

98 1674 250 1734 considere
274 1675 378 1733 amicos
398 1672 491 1751 jubet,
512 1673 567 1731 ⁸nc
587 1675 771 1733 contentione
793 1676 873 1735 vocis
895 1675 1057 1735 cicatricem
1077 1676 1119 1735 in·

97 1775 214 1831 firmam
236 1770 328 1829 adhuc
351 1775 504 1846 rumperet
547 1768 746 1847 Hephaestion,
763 1768 908 1846 Craterus,
923 1779 953 1829 et
977 1770 1119 1851 Erigyius

98 1874 184 1926 erant
205 1885 271 1923 cum
292 1864 461 1924 custodibus
487 1864 519 1921 in
544 1864 760 1931 tabernaculum
782 1864 909 1925 admissi.
959 1866 1117 1926 ⁸“Discri-

97 1961 197 2036 men,’‘
211 1960 315 2039 inquit,
331 1963 346 1993 “
358 1979 402 2018 me
423 1958 581 2036 occupavit,
595 1958 716 2018 meliore
728 1958 854 2017 hostium
866 1962 954 2037 quarn
966 1978 1029 2020 meo
1048 1968 1118 2021 tem·

97 2075 178 2135 pore.
222 2055 280 2116 Sed
302 2054 458 2113 necessitas
481 2061 549 2112 ante
574 2054 717 2112 rationem
743 2062 805 2130 est;
837 2055 962 2113 maxime
984 2056 1015 2113 in
1028 2056 1115 2134 bello,

96 2172 155 2232 quo
180 2152 247 2210 raro
269 2149 448 2228 permittitur
471 2155 601 2227 tempora
626 2147 741 2229 eligere.
793 2149 932 2210 Defecere
954 2151 1115 2233 Bactriani,

95 2249 266 2326 inquorum
287 2246 446 2306 cervicibus
469 2252 588 2319 stamus,
603 2251 634 2304 et
656 2238 798 2324 qnantum
817 2246 848 2304 in
867 2247 950 2308 nobis
964 2249 1053 2308 animi
1068 2250 1115 2326 sit,

98 2343 219 2401 ”alieno
247 2343 344 2402 Marte
375 2341 569 2419 experiuntur.
599 2341 714 2400 ·Haud
746 2342 843 2418 dubie,
876 2343 902 2403 si
936 2345 1116 2406 omiserimus

97 2437 223 2516 Scythas
246 2436 325 2496 ultrh
346 2455 425 2496 arma
443 2436 605 2512 inferentes,
619 2437 774 2514 contempti
788 2438 825 2496 ad
845 2438 921 2514 illos,
935 2441 986 2518 qui
1006 2441 1114 2502 dcima-

94 2541 174 2609 runt,
199 2539 380 2592 revertemur.
431 2531 466 2592 Si
486 2533 556 2591 verb
580 2531 704 2590 Tanaim
729 2533 935 2610 transierimus,
956 2544 986 2594 et
1005 2535 1112 2616 ubiqud

94 2619 221 2688 invic'tos
241 2646 304 2687 esse
324 2645 378 2685 nos
399 2626 573 2704 Scytharum
594 2627 720 2704 pernicie
742 2647 775 2686 ac
797 2629 935 2709 sanguine
957 2632 1113 2692 ostendari-

93 2744 177 2800 mus;
199 2723 266 2801 quis
279 2721 423 2784 dubitabit
435 2729 533 2799 patere
546 2723 632 2781 etiam
646 2722 795 2800 Europam
807 2723 990 2784 victoribus?
1024 2727 1113 2786 Falli·

92 2827 155 2894 tur,
169 2819 220 2896 qni
234 2817 371 2876 terminos
384 2817 486 2896 gloriae
497 2824 604 2876 nostrae
616 2817 737 2875 metitur
751 2818 853 2895 spatio,
867 2819 943 2896 quod
958 2821 1112 2886 transituri

92 2931 204 2975 sumus.
246 2912 329 2972 Unus
348 2912 440 2970 amnis
458 2911 608 2986 interfluit,
628 2930 714 2990 quem
737 2911 763 2971 si
782 2912 952 2989 trajicimus,
966 2914 996 2972 in
1019 2914 1112 2976 nure

92 3029 162 3088 pam
190 3027 272 3066 arma
296 3006 475 3085 proferimus.
531 3007 574 3065 Et
598 3008 699 3086 quanti
731 3007 933 3067 aestimandum
960 3017 1014 3086 est,
1042 3011 1111 3072 dum

93 3105 200 3165 Asiam
222 3102 390 3182 subigimus,
404 3103 434 3160 in
455 3102 512 3160 alio
532 3101 740 3180 quodammodo
754 3102 822 3162 orbe
845 3109 954 3182 tropaea
973 3113 1110 3185 statuere,

91 3207 124 3259 et
147 3219 214 3278 quie
237 3205 298 3256 tam
320 3198 406 3277 longo
430 3197 583 3257 intervallo
606 3204 712 3256 natura
732 3197 848 3258 videtur
872 3200 1028 3278 diremisse,
1051 3207 1110 3264 una

91 3293 219 3354 uictoria
233 3291 330 3352 subito
345 3291 575 3351 ¹¹committeret
614 3292 658 3350 At
679 3292 796 3352 hercule
814 3293 840 3353 si
861 3295 1008 3373 paululum
1020 3317 1110 3357 cessa·

91 3389 229 3464 serimus,
248 3387 279 3445 in
291 3386 382 3465 tergis
402 3387 510 3445 nostris
530 3386 648 3465 Scythae
670 3386 828 3450 haerebunt
869 3390 920 3450 An
932 3391 986 3451 soli
1001 3409 1108 3469 sumus,

90 3486 141 3563 qui
166 3483 286 3542 flumina
316 3488 465 3540 transnare
498 3481 674 3559 possumus?
728 3484 825 3543 Multa
858 3484 888 3542 in
919 3486 1109 3563 nosmetipsos

92 3583 113 3610 ¹²
120 3579 260 3649 recident,
275 3579 293 3606 ¹⁸
302 3571 408 3656 quibus
420 3577 513 3636 adhue
523 3578 653 3637 vicimus
688 3578 817 3638 Fortuna
830 3579 900 3640 belli
914 3587 1004 3638 artem
1017 3581 1108 3642 uictos

90 3694 203 3754 quoque
217 3674 308 3732 docet
350 3671 472 3732 Utribus
493 3691 606 3730 amnem
627 3673 794 3749 trajiciendi
814 3674 975 3750 exemplum
988 3675 1107 3735 fecimus

89 3789 188 3848 nuper.
239 3768 306 3826 Hoc
331 3768 393 3826 ¹⁴ut
420 3766 536 3844 Scythae
562 3767 671 3825 imitari
690 3769 830 3843 nesciant,
855 3767 1004 3828 Bactriani
1027 3770 1107 3830 donc

88 3867 168 3928 bunt
210 3865 361 3925 Praeterea
385 3862 488 3919 ¹⁶unus
510 3862 606 3940 gentis
627 3861 715 3938 hujus
735 3860 830 3920 adhuc
849 3862 992 3924 exercitus
1016 3864 1105 3941 venit,
