2592 4400
175 408 236 469 214
523 420 664 474 cernor
691 420 833 463 curru

235 564 283 623 50.
305 562 374 623 Rex
395 560 516 640 spoliari
528 580 634 640 oorpue
660 559 740 635 Pori,
754 558 962 638 interemptum
977 576 1040 618 enee
1059 556 1202 633 eredens,

182 658 293 739 jueeit:
322 657 429 736 etqui
452 656 638 716 detraherent
666 654 785 715 loricam
807 662 983 733 vestemque,
1006 672 1200 729 concurrere3

177 755 246 813 edm
258 752 356 813 bellna
369 750 518 811 dominum
532 751 618 825 tueri,
633 758 665 809 et
683 750 841 827 spoliantes
854 748 943 827 coepit
957 756 1101 827 appetere,
1114 748 1201 807 leva-

177 854 297 928 tumque
310 866 415 925 corpur
436 849 500 924 ejus
520 864 622 905 rumne
644 844 731 905 dorso
754 864 807 904 nuo
822 844 978 921 imponere.
1022 842 1103 921 Ergo
1125 843 1204 900 telis

177 944 308 1024 undiquc
328 942 471 1017 obruitur,
484 940 674 1020 confossoque
696 960 739 1015 eo,
755 940 784 999 in
798 939 964 999 vehiculum
989 938 1085 999 Porus
1108 938 1204 1013 impo-

178 1038 266 1097 nitur.
309 1036 405 1109 Quem
418 1037 486 1097 Rex
506 1043 542 1095 nt
554 1036 630 1095 vidit
655 1036 829 1095 allevantem
849 1034 957 1109 oculor,
972 1053 1030 1093 non
1050 1032 1127 1107 odio,
1142 1030 1203 1089 sed

180 1132 362 1193 miseratione
381 1139 550 1207 commotus,
571 1135 588 1166 “
601 1129 684 1206 Quen,
699 1132 720 1161 ¹·
730 1131 838 1190 melum
849 1128 855 1188 i
867 1131 884 1161 “
906 1129 1009 1209 inquit,
1039 1131 1056 1162 “
1069 1129 1204 1187 umentia

180 1236 210 1287 te
229 1228 334 1309 coegit,
348 1246 445 1287 rerum
466 1246 596 1286 mearum
620 1226 738 1305 cognite
752 1226 839 1301 femt,
855 1224 926 1284 belli
939 1225 1088 1284 fortunam
1111 1243 1203 1300 expe·

180 1323 243 1392 riri,
256 1324 324 1383 edm
340 1321 459 1381 Taxilen
472 1329 550 1380 eeeet
563 1321 593 1379 in
607 1321 722 1381 deditos
743 1320 906 1381 clementiae
920 1340 993 1379 meee
1007 1328 1067 1377 tem
1081 1319 1202 1397 propin-

179 1437 271 1497 quum
293 1417 349 1476 tibi
371 1415 535 1495 exemplum
547 1417 588 1476 ?”
630 1417 675 1475 At
698 1416 757 1491 ille,
772 1418 789 1450 “
799 1414 970 1489 Quoniem‚’'
985 1416 1089 1494 inquit,
1106 1417 1122 1448 “
1134 1435 1204 1493 per·

179 1510 504 1587 contariegreepondebo
518 1512 553 1570 ed
567 1512 587 1540 ¹¹
598 1510 744 1584 libertate,
759 1530 844 1589 quem
865 1509 1072 1587 interrogando
1088 1508 1199 1568 fecisti.
1287 1520 1288 1523 ’

180 1605 334 1667 Neminem
355 1625 402 1664 me
428 1606 450 1635 '¹
462 1606 613 1666 fortiorem
642 1624 705 1665 ease
728 1605 887 1665 censebam.
936 1604 1019 1665 Meae
1047 1605 1125 1665 enim
1147 1626 1203 1666 no·

179 1720 282 1762 veram
303 1700 391 1776 vireu,
404 1701 532 1760 nondum
556 1708 695 1779 expertue
717 1706 802 1759 tuae:
823 1699 972 1759 fortiorem
985 1720 1048 1759 esee
1072 1709 1102 1760 tc
1125 1702 1202 1763 beili

180 1797 281 1857 docuit
294 1803 426 1856 eventne.
466 1796 556 1857 ”Sed
579 1815 617 1855 ne
640 1797 684 1855 eie
707 1794 825 1875 quidem
847 1814 949 1873 parum
970 1794 1043 1855 felix
1065 1816 1140 1873 eum,
1156 1820 1201 1859 ee·

178 1891 293 1953 eundae
312 1891 396 1951 tibi”
437 1891 554 1951 Rurrne
577 1892 783 1969 interrogatus,
797 1890 869 1971 quid
894 1890 956 1968 ipee
976 1890 1119 1951 victorem
1141 1904 1201 1953 eta

180 1994 263 2047 tnere
276 1987 381 2049 debere
395 1996 545 2047 oenaeret:
567 1991 584 2020 “
597 1986 684 2058 Quod
697 1986 771 2062 hic‚¹'
785 1985 889 2065 inquit,
905 1989 922 2020 “
935 1986 997 2045 diee
1011 1987 1068 2047 tibi
1082 1990 1200 2067 enodet,

179 2103 239 2164 quo
253 2091 391 2162 expertus
404 2102 445 2159 ee,
458 2084 548 2163 qnam
561 2081 807 2143 caducefelicitae
822 2083 927 2141 eeeet.’'
963 2081 1037 2141 Plue
1051 2086 1200 2145 monendo
1288 2060 1289 2087 ¹

179 2178 311 2257 profecit,
339 2178 428 2258 qudm
455 2180 481 2239 ei
507 2186 642 2257 precatus
671 2184 754 2238 esset.
797 2176 817 2206 ¹⁴
828 2175 942 2257 Quippe
962 2178 1200 2258 magnitudinem

180 2273 269 2331 animi
293 2276 357 2349 ejne
381 2274 544 2334 interritam
566 2295 600 2334 ao
613 2294 650 2333 ne
670 2275 789 2334 fortuni
810 2273 928 2353 quidem
952 2275 1117 2350 infractam,
1139 2297 1201 2336 non
1287 2324 1288 2351 p

181 2367 381 2427 misericordit
402 2369 499 2443 modo,
514 2369 669 2428 sedetiam
692 2368 801 2429 honore
823 2368 957 2446 excipere
976 2369 1114 2449 dignatus
1140 2380 1197 2431 cst.

180 2461 307 2540 AEgrnm
333 2464 445 2523 curavit
470 2464 549 2522 haud
575 2466 661 2522 secde
688 2465 777 2544 quim
804 2464 830 2522 ei
856 2484 908 2542 pro
933 2465 996 2542 ipao
1021 2470 1197 2544 pugnasset.
1285 2523 1287 2542 ἦ

178 2556 423 2633 ¹'Confirmatum
437 2567 539 2618 oontm
559 2579 641 2638 rpem
655 2561 792 2634 omnium,
808 2560 841 2618 in
862 2559 1018 2620 amicorum
1040 2581 1199 2622 numerum
1245 2568 1250 2578 '

179 2653 294 2731 recepit
338 2653 411 2714 Mox
434 2655 554 2714 donavit
577 2655 716 2733 ampliore
738 2674 836 2734 regno,
861 2656 950 2734 qudm
972 2657 1076 2716 tenuit.
1131 2659 1200 2720 Neo
1286 2651 1287 2726 ξ

180 2752 249 2808 eane
262 2750 421 2829 quidquam
434 2751 580 2829 ingenium
594 2753 658 2828 ejus
677 2751 799 2810 solidiue
813 2757 865 2808 ent
886 2751 1068 2811 constantine
1082 2752 1199 2830 habuit,

179 2847 267 2924 qudm
293 2847 515 2908 admirationem
541 2867 618 2906 verae
644 2845 741 2906 laudis
768 2853 798 2904 et
825 2845 935 2924 glorio.
991 2846 1196 2926 ”Simplicius

180 2946 277 3000 umen
298 2941 405 3000 mnam
428 2943 593 3002 aeetimabat
614 2942 645 3001 in
667 2941 760 3015 hoste,
775 2941 864 3019 qudm
884 2941 916 2998 in
940 2941 1025 3000 nive:
1046 2944 1157 3022 quippe
1180 2966 1199 3006 a
1285 2943 1286 2986 1

180 3035 242 3092 euie
266 3036 404 3096 credebat
425 3038 655 3116 magnitudinem
684 3055 767 3096 enam
792 3035 904 3094 destrui
929 3055 1031 3114 posse:
1062 3039 1196 3102 eamdem
1284 3045 1286 3122 g

179 3125 331 3187 clariorem
344 3131 416 3204 fore,
430 3133 487 3210 qud
500 3135 624 3212 majoree
637 3131 771 3205 fuissent,
785 3149 858 3212 quoe
871 3129 934 3208 ipse
947 3130 1075 3192 vicisset.
