2592 4400
267 339 299 400 Ι

179 415 217 470 30
529 431 668 479 Qururr
695 432 834 472 cunru

147 643 155 652 ¹
180 569 261 626 tilcm
275 589 341 626 curn
362 569 485 646 pecunia
505 569 642 644 traderet,
657 569 774 646 adjecit.
817 571 980 645 Parmenio,
995 573 1138 632 asservari
1152 591 1199 630 eo

91 638 175 750 fir&
183 667 275 740 jusso,
290 664 406 724 litteras
428 665 540 742 aperit:
561 665 591 724 in
613 666 697 744 queis
718 673 781 724 erat
801 667 949 743 scriptum,
963 674 997 724 ut
1009 667 1123 725 mature
1139 668 1204 726 Al-

179 760 305 818 exander
320 761 446 840 aliquem
461 781 498 820 ex
512 761 634 820 ducibus
659 762 720 820 suis
733 762 865 820 mitteret
886 781 951 820 cum
973 781 1060 820 manu
1074 763 1202 840 exigua.
1257 748 1263 763 ’

179 853 284 933 Itaque
305 877 338 915 re
357 857 481 934 cognita,
498 856 634 914 Mardum
657 855 735 920 datis
756 856 929 916 'comitibus
952 858 989 915 ad
1011 857 1201 934 proditorem

177 951 310 1010 remittit.
354 951 421 1026 Ille,
448 971 464 1012 e
487 952 619 1012 manibus
642 951 867 1010 custodientium
890 953 998 1030 lapsus,
1017 953 1200 1010 Damascum

178 1051 245 1104 ante
267 1047 362 1106 lucem
383 1048 484 1106 intrat.
528 1047 710 1107 Turbaverat
725 1065 818 1104 cares
840 1047 1040 1106 Parmenionis
1062 1048 1199 1105 animum

98 1135 300 1208 &unciales
324 1143 455 1201 timentis
469 1149 498 1200 et
512 1141 644 1220 ignotum
666 1142 721 1199 iter
742 1141 804 1200 sine
827 1141 900 1200 duce
920 1161 978 1200 non
991 1142 1136 1200 ‘audebat
1151 1141 1200 1198 in·

178 1217 270 1314 g‘redi.
314 1237 463 1296 Felicitati
488 1245 584 1294 tamen
612 1237 704 1314 Regis
732 1237 777 1295 sui
804 1237 935 1311 confisus,
962 1246 1097 1314 agrestes,
1122 1237 1199 1316 ‘qui
1260 1289 1268 1300 .

178 1330 267 1389 duces
282 1331 395 1390 itineris
417 1339 522 1404 essent,
537 1331 630 1409 excipi
650 1331 755 1408 jussit:
775 1331 882 1410 quibus
903 1332 1036 1390 celeriter
1057 1333 1197 1409 repertis,

178 1434 282 1504 quarto
297 1427 345 1484 die
359 1427 397 1485 ad
411 1427 512 1486 urbem
526 1427 668 1506 pervenit,
680 1429 741 1503 jam
755 1435 901 1500 metuente
915 1427 1068 1501 Praefecto,
1083 1448 1119 1485 nc
1133 1428 1197 1485 sibi

177 1521 249 1580 fides
263 1522 363 1583 habita
373 1541 430 1580 non
442 1531 525 1581 esset.
569 1523 675 1600 Igitur,
686 1524 770 1600 quasi
780 1543 882 1600 parum
895 1524 1080 1581 munimentis
1091 1523 1197 1600 oppidi

97 1601 279 1690 fflsdfidens,
294 1623 361 1674 ante
376 1617 446 1676 solis
466 1626 560 1675 ortum
584 1617 734 1693 pecuniam
757 1617 873 1695 regiam,
889 1617 1015 1692 (gazam
1029 1618 1129 1676 Persae
1142 1637 1194 1676 vo-

179 1713 268 1788 cant)
284 1713 351 1769 cdm
366 1711 583 1789 pretiosissimis
597 1731 694 1770 rerum
709 1711 804 1772 efferri
822 1713 915 1789 jubet,
928 1713 1025 1790 fugam
1044 1712 1194 1790 simulans,
1259 1754 1263 1763 ·

177 1809 280 1866 revera
296 1814 330 1864 ut
343 1806 472 1883 praedam
488 1805 564 1864 hosti
579 1807 702 1865 offerret.

238 1905 285 1960 34.
309 1902 407 1961 Multa
420 1903 512 1960 millia
524 1903 650 1960 virorum
663 1903 901 1980 foeminarumque
914 1902 1100 1961 excedentem
1113 1901 1194 1980 oppi-

178 1995 216 2054 do
241 1997 452 2076 sequebantur;
481 1997 631 2057 ‘omnibus
659 1997 833 2057 miserabilis
860 1998 955 2072 turba,
982 2005 1089 2074 praeter
1116 2017 1193 2071 eum,

95 2094 263 2168 surcujus
284 2091 352 2150 fidei
376 2092 527 2150 commissa
549 2093 661 2150 fuerat:
683 2092 799 2171 quippe,
820 2091 878 2169 qud
903 2094 995 2168 major
1018 2091 1194 2169 proditionis

179 2171 288 2245 merces
308 2186 392 2261 foret,
409 2187 533 2264 objicere
558 2187 636 2246 hosti
660 2187 781 2262 parabat
803 2187 955 2265 gratiorem
971 2188 1048 2247 omni
1068 2187 1194 2265 pecunia
1242 2207 1259 2269 χ

179 2280 317 2359 praedam,
332 2282 444 2341 nobiles
459 2282 562 2355 'viros
579 2282 744 2341 Praetorem
758 2283 841 2340 Darii
854 2285 991 2361 conjuges
1010 2284 1192 2361 liberosque;

179 2384 287 2458 praeter
307 2377 367 2453 hos,
381 2378 496 2436 urbium
520 2376 688 2437 Graecarum
710 2377 831 2456 legatos,
845 2397 917 2456 quos
942 2378 1049 2437 Darius
1062 2379 1144 2437 velut
1161 2378 1193 2435 in

180 2493 245 2531 arce
260 2473 418 2547 tutissima,
433 2472 463 2530 in
478 2472 635 2549 proditoris
657 2473 814 2551 reliquerat
837 2474 980 2532 manibus.
1021 2473 1194 2547 Gaugabas

109 2564 170 2626 sto
181 2568 281 2627 Persae
292 2576 396 2628 vocant
409 2568 536 2627 humeris
550 2588 638 2625 onera
652 2576 815 2645 portantes:
838 2568 868 2626 hi
882 2571 950 2625 edm
962 2569 1055 2646 frigus
1067 2570 1193 2627 tolerare

181 2683 239 2722 non
251 2672 369 2741 possent
384 2662 500 2741 (quippe
515 2670 544 2721 et
558 2663 684 2739 procella
707 2663 804 2722 subitd
825 2662 921 2729 nivem
935 2664 1085 2739 effuderat,
1100 2670 1129 2721 et
1143 2663 1193 2721 bu·

181 2779 245 2819 mus
268 2759 381 2838 rigebat
404 2760 483 2837 gelu)
507 2750 569 2815 tum
591 2757 743 2816 ⁸astrictas
763 2765 868 2832 vestes,
886 2778 958 2835 quas
982 2778 1046 2816 cum
1069 2759 1192 2836 pecunia

182 2856 346 2934 portabant,
361 2874 430 2913 auro
446 2862 475 2912 et
489 2854 620 2930 purpura
641 2852 778 2932 insignes,
793 2853 926 2928 induunt,
939 2853 1021 2911 nullo
1041 2854 1194 2930 prohibere

182 2970 268 3027 ausc;
290 2952 377 3009 'edm
391 2952 507 3009 fortuna
528 2948 629 3027 Regis,
645 2949 733 3006 etiam
754 2948 932 3022 humillimis,
947 2949 977 3005 in
991 2948 1086 3025 ipsum
1107 2949 1193 3008 licen·

114 3020 254 3109 ef‘ftiam
268 3046 385 3103 faceret.
416 3044 571 3104 Praebuere
587 3064 655 3121 ergo
669 3044 854 3101 Parmenioni
867 3062 924 3100 non
939 3045 1092 3121 spernendi
1106 3046 1193 3123 agmi-

182 3140 229 3199 nis
244 3140 376 3217 speciem,
391 3140 441 3217 qui
456 3140 473 3225 {⁰
482 3138 637 3197 intentiore
652 3142 722 3196 cura
736 3157 812 3213 suos,
823 3138 906 3217 quasi
919 3139 956 3196 ad
972 3140 990 3167 ¹¹
995 3141 1109 3215 justum
1122 3160 1193 3217 prae-
1230 3158 1238 3178 ·

184 3235 265 3309 lium,
280 3234 380 3311 paucis
403 3233 584 3305 adhortatus,
600 3234 683 3311 equis
697 3233 820 3291 calcaria
841 3233 965 3293 subdere
984 3235 1078 3311 jubet,
1092 3243 1122 3292 et
1135 3235 1195 3293 acri

184 3332 293 3408 impetu
317 3331 348 3387 in
371 3329 483 3387 hostem
508 3328 613 3387 invehi.
656 3329 701 3386 At
721 3329 774 3405 illi,
788 3328 838 3408 qui
863 3329 917 3388 sub
943 3330 1078 3388 oneribus
1103 3339 1193 3405 erent,

185 3423 300 3486 omissis
324 3425 385 3483 illis
407 3444 457 3501 per
479 3431 597 3500 metum,
611 3432 764 3501 capessunt
785 3425 890 3501 fugam.
933 3425 1051 3482 Armati
1073 3446 1192 3505 quoque,

114 3514 176 3594 W
185 3524 236 3602 qui
251 3540 300 3581 eos
315 3520 517 3599 sequebantur,
533 3518 633 3577 eodem
647 3528 728 3577 metu
742 3539 820 3577 arma
838 3522 959 3595 jactare,
973 3540 1007 3577 ae
1020 3529 1090 3578 nota
1104 3522 1192 3581 diver·
1278 3573 1279 3596 ,

187 3619 278 3677 ticula
298 3624 397 3694 petere
416 3620 570 3692 coeperunt.
614 3614 776 3673 Praefectus
790 3615 874 3692 quasi
888 3622 918 3671 et
932 3614 993 3692 ipse
1016 3618 1193 3693 conterritus,
1276 3631 1279 3652 ‘1

189 3714 208 3742 ¹²
221 3714 308 3773 simul
332 3718 435 3770 cuncta
448 3729 554 3787 pavore
578 3708 780 3785 compleverat.
823 3709 966 3768 Jacebant
993 3711 1065 3769 totis
1089 3713 1193 3791 campis
1278 3781 1279 3790 χ

189 3796 257 3885 opel
271 3808 374 3885 regiee3
396 3806 448 3865 illa
461 3804 583 3883 pecunia
597 3804 740 3881 stipendio
755 3805 866 3881 ingenti
879 3805 1006 3863 militum
1019 3816 1191 3884 praeparata3
1275 3821 1280 3914 p

189 3902 246 3963 illc‘¹
262 3902 358 3963 cultus
380 3910 425 3961 tot
447 3900 584 3961 nobilium
600 3899 737 3973 virorum,
753 3906 797 3957 tot
818 3899 976 3960 illustrium
999 3902 1191 3980 foeminarum,
