2592 4400
183 412 244 471 264
533 427 673 479 quiunt
701 425 839 468 cuanrr

182 568 261 630 bolla
273 566 379 628 civilia
422 566 519 627 ¹Nam
532 573 564 625 et
584 564 755 626 insociabile
769 572 814 625 ert
836 584 965 645 regnum,
980 573 1011 625 et
1031 586 1048 625 a
1062 564 1202 645 pluribus
1288 540 1289 577 l

182 663 381 741 expetebatur.
434 662 565 721 Primum
588 680 657 739 ergo
681 662 823 739 collegere
847 662 932 737 vires,
958 662 1065 727 deinde
1088 663 1201 740 disper-

183 766 299 834 serunt3
324 765 362 835 et,
383 757 591 836 cumpluribus
614 776 728 835 corpus,
748 758 835 835 quim
856 757 994 834 capiebat,
1016 760 1200 833 onertesent,

183 863 288 915 caetera
311 854 440 914 membra
462 854 584 913 delicere
609 860 780 931 coeperunt:
800 852 934 933 quodque
959 854 1113 932 imperium
1143 854 1200 914 sub
1288 848 1289 923 l

182 970 240 1009 uno
259 958 337 1010 stare
357 950 508 1028 potuisset,
522 949 590 1008 dum
613 968 631 1007 a
652 947 786 1026 pluribus
808 950 977 1023 sustinetur,
992 950 1058 1007 ruit
1101 950 1199 1009 ¹Pro-

182 1046 252 1105 inde
271 1049 338 1124 jure
357 1046 516 1124 meritoque
538 1044 663 1122 populus
685 1042 833 1103 Romanus
858 1045 981 1103 salutem
1000 1064 1031 1105 se
1053 1044 1200 1123 'principi

183 1161 236 1201 sno
250 1142 355 1201 debere
367 1142 534 1218 profitetur3
557 1140 604 1198 cui
618 1141 721 1208 noctis,
735 1160 821 1218 quarn
835 1140 908 1217 pene
929 1160 1093 1218 supremam
1106 1141 1198 1202 habu-

182 1236 267 1309 imus,
280 1256 386 1297 novum
401 1236 482 1296 sidns
495 1235 603 1294 illuxit.
646 1234 766 1313 ‘Hujus
787 1236 914 1311 hercule,
928 1256 985 1295 non
1000 1236 1080 1311 solis,
1098 1244 1197 1312 ortus,

182 1332 277 1391 lucem
300 1331 439 1410 caliganti
462 1330 592 1389 reddidit
615 1331 731 1405 mundo,
755 1332 823 1389 crim
851 1332 913 1390 sine
941 1333 1111 1409 suocapite
1138 1333 1197 1391 dis·

181 1426 281 1485 cordia
299 1426 429 1486 membra
450 1426 639 1505 trepidarent.
685 1425 764 1497 Quot
788 1425 838 1485 ille
860 1434 923 1485 turn
946 1428 1074 1487 extinxit
1096 1428 1197 1488 iacesl

181 1527 255 1602 quot
267 1520 399 1579 condidit
406 1520 519 1599 gladios
530 1520 537 1579 l
558 1529 695 1600 quantam
707 1528 909 1599 tempestatem
921 1523 1019 1583 subite
1034 1524 1198 1583 serenitate

184 1615 339 1676 discussit!
381 1616 450 1675 Non
475 1617 544 1695 ergd
568 1616 720 1675 revirescit
742 1618 847 1691 soldm,
863 1617 914 1676 sed
937 1618 1023 1697 etiam
1036 1619 1119 1678 floret
1136 1618 1197 1679 Im·
1288 1608 1289 1681 Ῑ

181 1715 301 1793 perium.
343 1713 452 1773 ‘Absit
464 1713 550 1771 modd
564 1712 684 1786 invidia,
699 1712 825 1789 excipiet
836 1712 923 1789 hujus
937 1712 1038 1773 saeculi
1052 1722 1197 1793 tempora,
1288 1718 1289 1755 ³

182 1810 313 1888 ejusdem
337 1810 450 1884 domnis,
465 1808 576 1867 utinam
597 1816 746 1886 perpetua,
761 1809 839 1867 certd
865 1810 1003 1867 diuturna
1025 1812 1194 1887 posteritas.
1288 1800 1289 1873 l

183 1906 337 1980 Caeterum,
361 1911 396 1963 ut
421 1904 459 1963 ad
486 1904 626 1977 ordinem,
651 1922 746 1981 aquo
771 1923 817 1962 me
840 1903 1044 1981 contemplatio
1068 1906 1198 1983 pnblicae

182 2002 333 2061 felicitatis
346 2006 500 2073 averterat,
515 1998 647 2075 redeam;
671 1996 827 2057 Perdiccas
848 2000 962 2057 unicam
986 2020 1066 2078 spem
1089 2002 1196 2062 salutis

183 2118 245 2157 suae
258 2099 288 2155 in
300 2096 443 2175 Meleagri
454 2102 547 2153 morte
559 2094 735 2172 deponebat:
756 2114 861 2153 venum
875 2096 1007 2154 eumdem
1022 2103 1052 2155 et
1063 2098 1194 2174 infidum,

182 2194 373 2271 celeriterque
396 2211 443 2251 res
464 2196 646 2263 novaturum,
668 2196 698 2248 et
720 2188 776 2250 sibi
801 2190 925 2248 maximi
950 2190 1096 2268 infestum,
1111 2214 1195 2254 occu·

181 2291 309 2367 pandum
330 2305 401 2346 esse.
445 2286 504 2346 Sed
526 2285 588 2344 alta
610 2285 840 2345 dissimulatione
863 2286 1014 2346 consilium
1036 2290 1198 2371 premebat,

180 2393 216 2442 ut
242 2383 418 2460 opprimeret
444 2381 601 2440 incautum.
650 2380 730 2460 Ergo
758 2380 832 2439 clam
857 2382 999 2459 quosdam
1027 2403 1064 2442 ex
1091 2386 1198 2464 copiis,

180 2478 287 2560 quibus
308 2483 439 2554 praerat,
455 2475 633 2549 subornavit,
647 2483 682 2534 ut
703 2477 787 2555 quasi
810 2477 956 2557 ignoraret
980 2479 1050 2556 ipse,
1073 2499 1197 2559 conque·
1288 2491 1289 2542 ἶ

181 2581 316 2634 terentur
329 2571 436 2649 palem,
451 2571 631 2648 Meleagrum
651 2571 815 2650 ‘aqueum
830 2592 892 2630 esse
914 2573 1072 2634 Perdiccae.
1116 2576 1197 2647 Quo·

181 2691 246 2730 rum
268 2687 399 2728 sermone
425 2666 573 2744 Meleager
597 2668 634 2726 ad
657 2687 687 2726 se
710 2668 811 2742 relato,
833 2669 932 2726 furens
957 2669 1011 2744 iret,
1034 2671 1196 2749 Perdiccae,
1288 2685 1289 2692 ’

182 2787 247 2846 qum
261 2763 457 2842 comperisset,
471 2762 597 2840 exponit.
642 2762 708 2837 ille,
723 2763 805 2822 velut
824 2767 900 2823 novt
914 2785 946 2822 re
960 2767 1128 2842 exterritus,
1143 2770 1196 2828 ad·

181 2861 291 2936 mirari,
314 2859 404 2939 queri,
429 2859 612 2937 dolentisque
634 2858 758 2935 speciem
781 2866 927 2918 ostentare
952 2861 978 2918 ei
1003 2863 1099 2940 coepit.
1142 2865 1195 2924 Ad

180 2957 316 3016 ultimum
330 2955 472 3029 convenit,
485 2960 521 3011 ut
540 2952 851 3030 comprehenderentur
871 2961 931 3012 tam
952 2954 1102 3016 seditiosae
1114 2959 1196 3018 vocis
1288 2947 1289 2952 ἵ

181 3058 321 3110 auctores.
372 3049 447 3128 Agit
471 3048 620 3125 Meleager
641 3048 759 3127 gratias,
783 3048 991 3128 amplexusque
1014 3049 1194 3130 Perdiccam,

180 3144 267 3201 fidem
290 3145 354 3219 ejus
373 3144 437 3220 ipse
457 3161 490 3200 ao
509 3141 740 3202 benevolentiam
754 3141 907 3201 collaudat.
951 3143 1026 3203 Tum
1048 3149 1195 3208 communi

181 3236 302 3296 oonsilio
321 3237 462 3295 rationem
476 3237 658 3314 opprimendi
680 3238 782 3296 noxios
807 3237 915 3296 ineunt.
958 3238 1062 3298 Placet
1087 3243 1194 3302 exerci-

182 3349 245 3392 tum
268 3332 363 3410 patrio
387 3351 465 3390 more
492 3331 632 3391 lustrari:
665 3341 695 3392 et
721 3333 900 3412 'probabilis
927 3353 1013 3393 causa
1038 3336 1197 3398 videbatur

181 3428 330 3508 praeterita
344 3426 494 3485 discordia

240 3527 287 3582 24.
311 3522 503 3582 Macedonum
523 3523 621 3603 Reges
641 3523 684 3582 ita
696 3523 822 3582 lustrare
837 3523 916 3582 soliti
930 3532 1013 3584 erent
1026 3525 1145 3602 milites,
1159 3537 1196 3588 nt
1288 3523 1289 3532 ἶ

181 3619 312 3678 discissae
333 3618 413 3676 canis
426 3616 539 3676 viscera
558 3619 664 3677 ultimo
686 3619 717 3676 in
732 3639 839 3696 campo,
855 3620 885 3676 in
899 3639 985 3698 quem
1000 3620 1196 3684 deduceretur
1286 3683 1289 3696 ⁴

181 3715 335 3787 exercitus,
361 3712 397 3771 ab
419 3716 542 3791 utrique
563 3714 759 3789 abjicerentur
782 3721 883 3792 parte:
912 3716 991 3773 intra
1013 3715 1044 3773 id
1067 3719 1194 3794 spatium
1288 3719 1289 3754 ³

180 3808 284 3867 armati
306 3825 405 3865 omnes
429 3813 559 3881 starent,
581 3806 648 3864 hinc
671 3808 790 3886 equites,
804 3809 885 3866 illine
909 3809 1042 3886 phalanx.
1087 3811 1197 3893 Itaque

180 3923 214 3963 eo
238 3902 296 3977 die,
310 3919 397 3979 quem
418 3900 486 3958 buio
510 3919 592 3958 sacro
615 3900 839 3977 destinaverant,
864 3904 929 3962 Rex
954 3924 1020 3962 cum
1039 3906 1197 3984 equitibus
1288 3899 1289 3950 l

849 4001 856 4025 l
