2592 4400
353 408 477 463 nrasn
509 409 597 448 vrrr.
629 408 715 449 car.
747 408 839 449 xrrr.
1047 388 1106 449 209

78 549 150 607 rdm
164 547 197 606 in
211 546 405 606 Macedonum
419 548 551 607 exercitu
564 548 831 627 temeritatemque
845 547 968 607 audacie
978 547 1106 625 insignes

78 645 165 703 futare
191 644 373 703 Simmachus
396 651 427 703 et
453 644 591 718 Nicanor,
615 645 729 705 nobiles
754 647 885 723 juvenes,
908 652 939 703 et
964 646 1106 722 perpatuit

78 740 231 817 'partium
250 740 392 799 felicitate
417 741 454 799 ad
477 741 671 817 spernendum
697 760 780 799 omne
800 740 961 818 perieulum
983 740 1104 798 accensi.

79 834 175 906 Quoia
201 835 324 895 ducibus
347 836 559 913 promptissimi
583 838 727 911 juvenum
751 836 860 895 lanceis
889 836 975 895 modo
1000 834 1106 894 armati

80 935 277 991 transnavere
297 931 328 989 in
348 931 482 1005 insulam,
495 951 583 1010 quam
597 932 732 1010 frequens
756 931 849 990 hostis
874 931 1011 1007 tenebat;
1033 930 1106 989 mul·

81 1034 189 1105 tosque
207 1026 360 1099 Indorum,
374 1026 456 1085 nullt
478 1046 510 1087 re
533 1027 626 1106 magis
639 1028 728 1106 quam
742 1026 865 1087 audacia
889 1026 1003 1101 armati,
1018 1027 1104 1085 inter·

81 1128 225 1181 emerunt.
269 1121 365 1181 Abire
384 1140 450 1179 enm
470 1121 565 1200 gloria
578 1128 723 1199 poterant,
734 1123 744 1150 ⁰
755 1121 780 1181 si
802 1142 931 1201 unquam
955 1122 1107 1181 temeritas

81 1218 156 1277 felix
170 1218 316 1277 inveniret
329 1218 457 1277 modum
499 1217 560 1277 Sed
580 1218 650 1276 dum
665 1218 902 1295 supervenientes
916 1218 1105 1295 contemptim

82 1322 112 1372 et
126 1313 255 1391 superbi>
269 1333 382 1391 quoque
404 1321 582 1390 exspcetant,
597 1314 787 1375 circumventi
808 1314 843 1374 ab
865 1314 911 1373 his
931 1314 983 1393 qui
997 1313 1105 1373 occulti

82 1416 282 1481 enataverunt,
296 1409 412 1467 eminrls
425 1408 524 1468 obruti
539 1408 608 1470 telis
623 1415 698 1467 sunt.
735 1408 793 1479 Qui
808 1410 970 1487 effugerant
984 1410 1105 1483 hostem,

82 1512 134 1562 aut
171 1504 284 1579 impetn
317 1503 412 1561 amnis
439 1503 531 1561 ablati
568 1510 647 1577 sunt,
685 1510 737 1561 aut
763 1504 924 1565 vorticibus
961 1503 1104 1581 impliciti.

85 1598 192 1689 anue
208 1618 307 1677 pugna
319 1599 443 1657 multon
458 1598 592 1659 fiduciam
608 1598 681 1657 Pori
695 1598 796 1675 erexit,
811 1606 916 1658 cuncta
930 1600 1075 1659 cernentis
1089 1618 1106 1658 e

83 1696 158 1772 ripa.
239 1757 243 1762 ,

145 1794 194 1849 44.
217 1789 387 1849 Alexander
410 1790 494 1867 inops
517 1790 640 1865 consilii,
656 1789 773 1849 tandem
795 1790 833 1849 sd
857 1790 1018 1849 fallendum
1041 1790 1104 1847 hos·

84 1893 145 1945 tem
161 1886 180 1913 ¹⁰
192 1883 280 1943 talem
304 1884 404 1943 dolum
425 1884 559 1943 intendit.
603 1886 678 1944 Erat
692 1884 788 1944 insula
803 1885 832 1943 in
852 1885 969 1943 flumine
984 1884 1106 1961 amplior

85 1981 209 2056 crateris,
233 1980 386 2057 sylvestris
410 1980 521 2053 eadem,
544 1987 575 2038 et
597 1980 730 2059 tegendis
752 1980 869 2039 insidiis
894 1986 969 2057 apta.
1014 1980 1106 2039 Fossa

84 2096 200 2156 quoque
222 2075 344 2152 praealta
366 2075 446 2133 haud
470 2076 572 2154 procul
585 2096 603 2133 a
617 2078 691 2153 ript,
713 2095 800 2154 quam
814 2075 933 2135 tenebat
954 2076 1026 2152 ipse,
1047 2094 1106 2133 non

85 2172 201 2251 pedites
226 2170 320 2245 mode,
335 2170 386 2230 sed
411 2171 499 2230 etiam
514 2190 580 2230 cum
595 2172 676 2250 equis
690 2172 768 2231 viros
788 2177 905 2249 poterat
920 2170 1103 2232 abscondere.

85 2268 129 2328 Ut
154 2267 246 2344 igitur
267 2268 284 2294 ¹¹
298 2287 316 2324 a
339 2267 472 2326 custodit
496 2267 584 2344 hujus
605 2268 832 2344 opportunitatis
855 2267 954 2327 oculos
975 2267 1103 2326 hostium

86 2369 242 2435 averteret,
257 2361 449 2422 Ptolemaeum
470 2381 537 2421 eum
560 2364 693 2423 omnibus
708 2363 814 2422 turmis
828 2363 997 2442 obequitare
1015 2365 1106 2441 jussit

85 2458 190 2536 procul
213 2458 250 2517 ab
273 2457 379 2535 insula,
406 2465 438 2518 et
464 2458 587 2518 subindd
616 2458 709 2518 Indos
737 2459 861 2518 elamore
884 2467 1002 2538 terrere,
1021 2460 1106 2538 quasi

85 2555 195 2614 flumen
209 2560 413 2612 transnaturus
426 2555 511 2613 foret.
554 2554 614 2613 Per
627 2554 792 2632 complures
807 2554 870 2614 dies
885 2555 1063 2615 Ptolemaeus
1074 2555 1105 2614 id

85 2650 165 2724 fecit,
190 2648 424 2727 eoque.consilio
449 2649 559 2708 Porum
583 2670 697 2728 quoque
725 2669 827 2728 agmen
856 2669 940 2708 suum
968 2651 995 2708 ei
1018 2651 1104 2728 parti,

85 2765 174 2825 quam
188 2764 220 2803 se
233 2752 332 2822 petere
355 2745 521 2819 simulabat,
535 2746 631 2823 coegit
653 2745 814 2804 advertere.
857 2745 881 2806 J
882 2765 928 2802 am
943 2754 1028 2804 extra
1041 2765 1104 2803 oon·

86 2849 220 2920 spectum
232 2840 326 2899 hostis
340 2840 435 2900 insula
448 2848 520 2900 erat.
561 2840 732 2900 Alexander
745 2841 776 2898 in
790 2841 906 2900 diverse
930 2847 1012 2917 parte
1033 2840 1105 2917 ripae

87 2937 180 2996 statui
193 2955 279 2994 suum
294 2935 513 2996 tabernaculum
532 2936 631 3012 jussit,
646 2944 848 3014 assuetamque
862 2935 995 2994 comitari
1009 2935 1105 3012 ipsum

87 3032 236 3092 colomam
260 3036 327 3090 ante
350 3030 383 3088 id
405 3030 622 3089 tabernaculum
645 3038 733 3104 stare,
756 3037 786 3088 et
806 3048 919 3088 omnem
933 3037 1104 3107 apparatum

86 3127 177 3204 regias
203 3124 426 3202 magnificentiae
458 3125 587 3184 hostium
613 3125 704 3184 oculis
739 3125 775 3182 de
803 3124 951 3182 industrita
980 3125 1103 3184 ostendi.

87 3222 236 3298 Attalum,
250 3227 281 3278 et
295 3221 316 3250 ¹³
326 3220 469 3300 aequalem
484 3221 558 3295 sibi,
573 3228 604 3279 et
624 3220 705 3279 haud
720 3219 865 3298 disparem
886 3220 989 3282 habitu
1003 3222 1061 3281 oris
1076 3229 1106 3280 et

87 3317 218 3396 corporis
232 3316 376 3395 ¹'lotique
395 3319 464 3375 cum
488 3317 591 3394 procul
604 3315 760 3395 viseretur)
776 3324 859 3376 veste
879 3317 960 3395 regia
975 3323 1104 3390 exornat,

86 3413 280 3491 praebiturum
300 3412 425 3488 speciem
449 3412 545 3489 ipsum
567 3412 681 3490 Regem
701 3411 747 3470 illi
768 3412 840 3489 ripae
862 3411 1027 3490 praesidere,
1052 3429 1105 3469 neo

88 3509 199 3587 agitare
223 3507 261 3566 de
286 3507 421 3566 transitu
464 3507 566 3583 Hujus
589 3507 705 3566 consilii
730 3507 865 3566 effectum
887 3507 980 3585 primt
996 3513 1107 3564 morata

87 3610 247 3681 tempestas
269 3610 323 3676 est,
347 3621 416 3661 mox
444 3602 574 3678 adjuvit:
603 3602 785 3661 incommoda
812 3603 928 3680 queque
957 3600 994 3658 ad
1015 3600 1106 3659 bonos

88 3707 211 3760 eventus
237 3704 371 3758 vertente
398 3698 528 3757 fortunat.
585 3697 730 3774 Trajioere
759 3717 870 3755 amnem
900 3715 964 3754 cum
992 3695 1107 3754 oaeteris

88 3790 178 3874 copiis
192 3795 210 3823 ¹⁴
220 3794 253 3852 in
265 3793 413 3872 regionem
426 3793 532 3852 insulae
546 3792 596 3867 lde
608 3797 668 3872 qut
682 3793 749 3850 antt
771 3793 880 3851 dictum
896 3799 951 3868 est)
965 3790 1105 3867 parabat,
1175 3825 1176 3828 =

88 3890 218 3951 ¹‘auerso
231 3890 317 3948 hoste
331 3889 362 3947 in
376 3870 436 3965 eo's,
450 3889 502 3968 qui
522 3906 588 3948 cum
603 3888 763 3948 Ptolemaeo
780 3887 799 3916 ¹⁸
809 3887 976 3946 inferiorem
990 3886 1107 3948 obsede-
