2592 4400
179 374 234 431 186
521 388 664 439 euim
691 388 831 431 oenrrr

174 528 304 591 bandum
325 546 427 607 agmen
448 526 604 603 ferebatur,
624 526 768 607 multique
781 527 864 605 priris
885 534 966 587 metu
978 528 1070 607 quim
1089 526 1195 587 labere

174 624 337 702 defatigati,
360 629 579 700 prostraverant
602 622 685 682 bumi
708 642 835 700 eorpora,
859 622 1041 702 ‘quanquam
1065 624 1194 683 imbrem

174 720 220 779 ris
233 718 350 797 frigoris
363 724 498 778 eonerete
510 717 580 797 gelu
587 718 774 777 astrinxerat
816 717 880 778 Alii
894 736 926 777 se
940 718 1093 795 stipitibus
1108 718 1194 777 arbe

174 834 240 875 rum
265 814 470 875 admoverent:
505 813 537 873 id
568 812 704 891 plurimis
729 812 944 889 adminiculum
971 820 1003 871 et
1029 813 1195 892 suffugium

174 917 246 971 erat
301 908 384 969 ‘Nee
410 908 532 969 fullebat
557 909 636 987 ipsos
662 908 750 967 morti
777 908 873 968 lesum
899 907 1016 987 eligere,
1042 909 1114 967 erim
1141 908 1198 966 im-

173 1004 297 1069 mobiles
308 1004 408 1065 vitalis
429 1004 509 1065 oslor
528 1003 682 1083 linqueret
726 1002 785 1065 Sed
806 1010 891 1082 grets
904 1010 968 1063 eret
988 1002 1113 1081 pigritia
1132 1022 1195 1061 eur·

174 1120 277 1180 pornm
289 1100 432 1180 fatigatis,
445 1118 500 1159 nse
510 1099 684 1160 reeusabsnt
696 1099 828 1177 extingui
847 1097 1030 1179 quieseendo.
1073 1096 1197 1173 Quippe

174 1216 234 1257 nen
245 1196 399 1257 vehemens
420 1193 516 1269 mode,
530 1194 582 1253 ssd
596 1194 686 1253 etism
700 1194 854 1271 ‘pertinax
868 1194 913 1253 vis
933 1192 1002 1253 mali
1026 1192 1196 1267 insistebat,

175 1291 354 1369 'lueemqua
367 1288 499 1348 naturale
521 1288 666 1362 solatium,
680 1296 789 1365 preter
810 1294 1012 1366 tempestatem
1034 1286 1115 1347 hsud
1137 1286 1196 1345 dis

175 1404 274 1463 parem
286 1383 375 1457 noeti,
389 1382 538 1459 sylvarum
550 1402 665 1463 quoque
679 1382 783 1443 umbre
795 1390 1003 1464 suppresserat.

239 1482 282 1537 15.
305 1478 373 1537 Rex
393 1496 470 1537 unus
490 1477 566 1535 tanti
579 1477 649 1537 meli
670 1478 792 1555 patiens,
814 1477 964 1537 eireumira
983 1476 1104 1553 milites,
1129 1494 1199 1546 een·

177 1572 292 1631 trahere
306 1572 462 1649 disperses,
475 1571 603 1631 allevare
621 1578 792 1649 prostrates,
808 1571 959 1631 ostendere
978 1573 1081 1649 presul
1094 1571 1197 1631 erolu·
1275 1578 1276 1585 ’

177 1674 241 1727 tum
254 1686 292 1727 ex
313 1666 442 1746 tuguriis
461 1667 582 1740 fumum,
604 1666 780 1745 hortarique,
793 1672 829 1725 ut
849 1668 978 1745 proxima
991 1686 1115 1747 quseque
1137 1670 1199 1728 sul·

177 1762 258 1843 lugia
270 1769 450 1839 temperent
490 1760 501 1791 ⁸
513 1760 542 1819 N
544 1781 577 1820 ee
589 1761 652 1820 ulls
662 1780 708 1821 res
722 1763 815 1840 magis
828 1761 917 1821 saluti
930 1762 997 1837 fuit,
1010 1764 1100 1840 quam
1113 1764 1199 1843 qued
1275 1776 1276 1785 ³

177 1858 373 1936 multiplieato
394 1856 493 1917 labore
517 1857 705 1915 sufficientem
727 1856 822 1935 melis,
835 1857 940 1937 quibus
963 1858 1020 1935 ipsi
1034 1867 1198 1933 tesserant,
1275 1840 1276 1875 ³

178 1954 292 2033 Regem
305 1952 440 2013 deserere
453 1951 667 2012 erubeseebsnt
699 1950 849 2011 (laetorum
862 1952 1003 2012 effieaeior
1016 1952 1046 2010 in
1061 1954 1199 2014 adversis

179 2048 347 2120 necessitas,
360 2048 449 2125 quim
469 2046 555 2120 ratio,
568 2044 687 2123 frigoris
710 2046 870 2105 remedium
893 2046 1012 2108 invenit
1055 2047 1200 2109 Dolabris
1275 2042 1276 2047 ἵ

179 2138 257 2204 enim
270 2142 367 2221 sylves
380 2148 509 2202 sternere
523 2141 661 2220 aggressi,
675 2144 784 2220 passim
798 2160 915 2203 aeervos
929 2148 1081 2221 struesque
1096 2160 1200 2204 sesen-

180 2240 296 2300 derunt
339 2237 509 2298 Continenti
529 2236 663 2296 ineendio
688 2236 791 2296 ardere
812 2237 947 2298 crederes
968 2239 1084 2312 saltum,
1099 2246 1131 2296 et
1145 2239 1200 2298 vix

180 2336 258 2394 inter
270 2333 398 2390 flammas
411 2331 573 2410 agminibus
583 2331 719 2390 relietum
732 2331 836 2390 loeum.
880 2333 940 2392 Hie
953 2332 1032 2391 ealer
1045 2334 1201 2411 stupentis

181 2428 311 2490 membra
332 2427 517 2501 'eommovit
538 2427 739 2506 psulatimque
758 2427 888 2504 spiritus,
903 2449 988 2507 quem
1012 2430 1201 2488 eontinuerat

183 2524 299 2603 ”riges
313 2541 408 2582 meare
426 2521 520 2582 libere
544 2522 639 2600 eoepit
682 2522 836 2601 Exeeptre
858 2523 933 2583 alios
954 2531 1034 2582 teeta
1053 2524 1201 2586 Bsrbsre·

182 2639 257 2693 rum,
279 2637 345 2697 quse
368 2617 400 2676 in
422 2616 528 2676 ultimo
549 2617 628 2677 saltu
646 2617 747 2678 ebdita
773 2619 930 2678 neeessitas
953 2618 1199 2698 investigaverat3

183 2716 257 2777 elios
270 2722 375 2788 esstrs,
387 2731 454 2792 ques
475 2713 506 2772 in
527 2712 647 2772 humido
661 2713 791 2792 quidem,
805 2713 858 2772 sed
875 2717 936 2791 jam
950 2715 1015 2774 eseli
1029 2715 1200 2774 mitesesnte

184 2812 306 2884 sevitia,
330 2809 506 2868 locaverunt
549 2808 634 2867 Mille
658 2809 785 2868 militum
807 2815 895 2889 atque
915 2810 1040 2869 lixarum
1054 2810 1200 2870 ealonum·
1274 2845 1275 2848 =

127 2919 132 2928 '
185 2927 242 2987 que
256 2909 275 2936 ¹¹
287 2905 381 2984 pestis
395 2903 448 2964 ills
461 2905 649 2982 consumpsit
680 2905 830 2965 Memoris
841 2906 988 2983 proditum
1003 2913 1048 2965 est
1057 2906 1201 2986 quosdam

186 3001 346 3079 appllestss
370 3000 506 3060 arborum
527 3000 645 3074 truneis,
662 3007 694 3058 et
711 3019 769 3058 non
790 3000 886 3059 solilm
906 3000 1082 3075 viventibus,
1098 3001 1150 3059 sed
1171 3008 1202 3060 et

187 3097 264 3156 iuter
286 3113 317 3154 sa
338 3094 571 3172 eollequentibus
584 3094 695 3154 similes
721 3113 785 3154 esse
799 3103 984 3173 eonspeetos3
1007 3095 1131 3154 durante
1151 3096 1201 3158 sd-

188 3191 246 3250 bue
267 3188 406 3262 ¹¹bsbitu,
428 3189 460 3247 in
480 3209 539 3267 quo
552 3207 630 3248 mers
652 3209 794 3268 quemque
818 3189 1055 3267 deprehenderat
1109 3189 1202 3251 Forte

190 3283 314 3348 Maeedo
326 3282 476 3361 gregarius
497 3283 592 3357 miles,
606 3303 696 3362 seque
718 3292 749 3344 et
771 3303 851 3344 arms
865 3283 884 3313 ¹⁸
895 3291 1069 3360 sustentans,
1083 3287 1204 3350 tendam

189 3383 221 3442 in
243 3387 339 3440 esame
362 3385 544 3457 pervenerat
585 3377 651 3449 Quo
672 3380 745 3453 viso,
767 3379 843 3454 Rex,
865 3397 1029 3458 quenquam
1048 3381 1112 3458 ipse
1133 3389 1205 3443 tune

190 3475 315 3538 muimb
339 3473 456 3534 admeto
478 3474 544 3552 igne
564 3475 714 3540 referebat
734 3482 823 3549 artus,
844 3493 881 3534 ex
906 3474 980 3534 selll
1000 3480 1054 3534 sut
1074 3477 1205 3552 exsiluit,

191 3578 412 3649 torpentemque
443 3569 574 3646 militem,
600 3577 634 3627 et
659 3570 710 3629 vix
744 3577 906 3647 compotem
932 3571 1048 3644 mentis,
1077 3571 1207 3650 demptis

193 3667 290 3742 armis
303 3667 334 3726 iu
348 3667 402 3724 sut
415 3664 484 3724 sede
495 3665 588 3742 jussit
598 3664 757 3723 eonsidere.
799 3664 860 3723 Ille
878 3664 937 3738 diu,
952 3683 1005 3724 nse
1018 3665 1069 3725 ubi
1082 3667 1207 3745 requies·

195 3768 284 3836 eeret,
306 3779 359 3820 neo
379 3779 400 3819 a
418 3779 477 3838 quo
499 3765 578 3818 esset
600 3766 746 3835 exceptus,
761 3758 886 3838 agnovit.
943 3758 1074 3820 Tandem
1093 3767 1209 3840 recepto

193 3855 290 3916 eslere
302 3854 397 3930 vitali,
410 3861 446 3914 ut
459 3852 570 3931 regiam
583 3852 680 3912 sedem
696 3852 863 3932 Regemqua
876 3853 1092 3931 sinisteritas
1105 3855 1208 3938 surgit
