2592 4400
183 383 222 442 34
518 395 668 444 curuum
701 397 847 437 cuanu

127 543 179 612 Ψ
189 541 257 615 jura
271 535 447 610 servaveris;
470 541 566 594 tamen
581 538 606 594 si
620 537 735 595 veneris
755 537 886 615 supplex,
900 544 930 596 et
942 545 1070 615 matrem,
1084 546 1115 598 et
1128 559 1196 598 oon·

190 636 300 709 jugem,
315 638 343 689 et
363 631 477 706 liberos,
492 631 553 690 sina
577 632 672 710 pretio
695 639 878 710 recepturum
902 639 932 691 te
956 653 1019 692 esse
1042 636 1195 710 promitto.

185 728 228 786 Et
242 727 363 800 vincere,
380 733 410 783 et
424 727 442 754 ¹⁰
452 725 601 784 considere
615 727 702 785 victis
723 729 790 785 scio.
833 723 919 797 Quod
933 729 959 786 si
972 736 1002 786 te
1016 729 1099 788 nohis
1119 749 1199 788 com·

181 823 298 880 mittere
313 821 406 894 times,
422 820 555 879 dabimus
570 819 656 878 fidem
679 820 796 896 impune
810 830 974 880 venturum.
1017 821 1062 880 De
1078 831 1198 899 caetero,

173 918 249 988 ,crim
271 915 341 972 mihi
363 915 479 988 scribes,
495 917 513 944 ¹⁷
521 923 665 974 memento
683 933 743 974 non
763 913 857 973 solim
880 916 956 994 Regi
977 924 1015 990 te,
1032 917 1083 975 sed
1104 920 1199 976 etiam

132 1019 240 1084 filino,
270 1011 420 1070 scribere.'’
463 1011 512 1068 Ad
542 1011 615 1069 hanc
642 1011 844 1088 perferendam
872 1012 1050 1089 Thersippus
1079 1014 1196 1072 missus.

141 1137 144 1144 ·
182 1107 199 1134 ¹⁸
209 1106 276 1183 Ipse
291 1107 321 1164 in
335 1105 503 1164 Phoenicem
519 1105 624 1163 deinde
640 1105 800 1180 descendit,
812 1113 841 1163 et
855 1106 990 1183 oppidum
1006 1106 1122 1184 Byblon
1136 1115 1197 1165 tra·

181 1202 275 1260 ditum
289 1201 406 1277 recepit.

241 1301 267 1354 3.
289 1295 411 1353 Indead
427 1293 693 1354 1'Sidonarentum
707 1303 760 1367 est,
775 1295 877 1354 urbem
889 1302 1045 1369 vetustate,
1056 1297 1197 1374 fameque

180 1391 362 1448 conditorum
382 1389 528 1465 inclytam.
571 1388 725 1467 Regnabat
738 1389 769 1446 in
783 1409 817 1447 ea
831 1389 938 1464 Strato,
957 1391 977 1418 ⁸⁰
986 1389 1069 1448 Darii
1088 1391 1196 1468 opibus

136 1465 313 1562 ffadjutus3
337 1484 386 1542 sed
406 1484 474 1561 quia
494 1483 670 1541 deditionem
691 1484 783 1561 magis
804 1479 994 1561 poprdarium
1022 1487 1111 1562 quam
1133 1489 1192 1544 sna
1275 1532 1276 1543 .

182 1580 294 1658 s'ponte,
309 1579 424 1651 fecerat,
439 1597 526 1656 regno
539 1577 620 1636 visus
640 1579 784 1654 indignus,
800 1579 1059 1656 Hephaestionique
1073 1581 1195 1656 permis·
1275 1582 1276 1619 l

181 1695 253 1748 sum,
266 1681 298 1732 ut
310 1693 394 1751 quem
409 1673 428 1700 ²¹
438 1691 471 1730 eo
482 1673 597 1749 fastigio
609 1691 624 1730 e
637 1672 764 1731 Sidoniis
778 1673 978 1752 dignissimum
989 1675 1194 1750 arbitraretur,
1228 1723 1232 1731 .

180 1769 370 1847 oopstitueret
398 1768 516 1844 Regem.
571 1766 681 1843 Erant
697 1759 899 1844 Hephaestioni
925 1768 1090 1845 ”hospites
1118 1769 1195 1828 clari
1275 1782 1276 1843 ξ

179 1866 254 1923 inter
270 1881 336 1922 suos
358 1851 489 1940 juvenes,
503 1861 554 1939 qui
568 1861 645 1918 facta
660 1862 731 1938 ipsis
771 1844 895 1920 watate
915 1863 1064 1940 regnandi,
1078 1863 1193 1942 ²⁸nega·
1275 1848 1276 1861 ἶ

140 1965 282 2028 caverunt
295 1977 466 2038 quemquam
479 1957 575 2033 patrio
590 1975 670 2014 more
681 1957 710 2014 in
721 1957 752 2013 id
765 1957 913 2034 fastigium
926 1957 1025 2034 recipi,
1037 1958 1095 2015 nisi
1109 1959 1194 2037 regia

180 2057 269 2132 stirpe
297 2063 400 2112 ortum.
444 2051 616 2110 Admiratus
646 2051 818 2137 Hephaestio
845 2051 1073 2128 magnitudinem
1099 2055 1192 2113 animi
1275 2096 1276 2117 r

180 2151 348 2228 spernentis,
372 2147 450 2226 quod
474 2146 525 2205 alii
549 2165 600 2223 per
624 2145 704 2223 ignes
728 2147 892 2225 ferrumque
916 2153 1065 2225 peterent:
1096 2148 1192 2207 “Vos
1275 2152 1276 2177 ³

179 2248 294 2325 quddam
308 2245 327 2273 ²⁴
337 2245 424 2304 macti
436 2244 572 2319 virtute,”
588 2244 691 2320 inquit,
708 2246 725 2275 “
736 2249 837 2316 estote,
852 2244 903 2320 qui
922 2244 1009 2320 primi
1029 2244 1190 2303 intellexis-

179 2344 228 2416 tis,
243 2342 350 2419 quanto
364 2342 457 2416 majus
469 2346 545 2396 esset
560 2358 680 2417 regnum
694 2338 834 2413 fastidire,
845 2340 933 2416 quam
947 2340 1083 2416 accipere.
1128 2340 1188 2400 Oae-
1275 2327 1276 2362 ³

134 2428 275 2513 U-ttrum
290 2437 357 2494 date
371 2435 496 2513 aliquem
511 2435 597 2511 regiae
611 2435 720 2511 stirpis,
731 2436 781 2510 qui
795 2435 958 2515 meminerit
969 2456 986 2492 a
996 2436 1189 2514 robisaccep·

178 2542 241 2591 tum
266 2532 372 2592 habere
395 2550 425 2589 se
448 2531 597 2607 regnum.”
638 2531 683 2588 At
706 2530 766 2587 illia
790 2531 857 2587 crim
880 2516 986 2588 rhultos
1009 2530 1189 2591 “imminere
1275 2565 1276 2570 .

178 2636 267 2687 tantae
282 2627 344 2704 spei
359 2633 518 2699 cernerent,
534 2626 656 2703 singulis
671 2626 827 2683 amicorum
837 2618 1003 2692 *Aleiandri
1017 2626 1054 2685 ob
1067 2627 1189 2685 nimiam
1275 2627 1276 2678 Ϊ

177 2725 258 2801 regni
270 2722 457 2799 cupiditatem
470 2720 630 2794 adulantes,
642 2727 775 2778 statuunt
785 2721 926 2788 neminem
937 2740 1000 2778 esse
1010 2720 1188 2798 ”potiorem
1275 2715 1276 2718 ¹

177 2815 264 2899 quim
275 2818 517 2895 vAbdalonymum
531 2817 691 2895 quemdam,
706 2816 792 2893 longa
805 2816 925 2893 quidem
939 2818 1107 2893 cognatione
1123 2820 1188 2877 stir·

123 2916 206 3010 yopi
221 2916 309 2993 regiae
323 2932 475 2989 annexum,
487 2912 538 2971 sed
547 2912 589 2971 ob
599 2911 725 2989 inopiam
739 2897 935 2970 suburbarium
949 2910 1065 2968 hortum
1080 2914 1189 2991 exigua
1275 2911 1276 2984 j

177 3010 317 3067 colentem
332 3010 414 3084 stipe.
459 3007 553 3067 Causa
565 3009 591 3065 ei
604 3008 791 3085 paupertatis,
803 3008 878 3064 sicut
890 3006 1044 3083 plerisque,
1056 3008 1195 3082 probitas,

178 3114 255 3177 erat3
279 3104 462 3181 intentusque
477 3104 556 3179 operi
570 3103 682 3175 diurno,
696 3103 850 3179 strepitum
864 3120 1017 3175 armorum,
1029 3102 1079 3179 qui
1093 3109 1189 3163 totam

178 3198 280 3256 Asiam
295 3174 486 3271 concusserat,
501 3198 588 3255 ”non
608 3197 789 3257 exaudiebat.
1275 3253 1276 3268 ,

237 3294 261 3349 4.
284 3291 304 3319 ²⁸
314 3292 418 3351 Subito
440 3292 553 3369 deinde,
568 3293 603 3349 de
617 3293 722 3371 quibus
736 3294 804 3350 ante
826 3292 935 3349 dictum
950 3296 1003 3364 est,
1018 3310 1083 3349 cum
1097 3293 1189 3369 regiae
1275 3271 1276 3340 i

136 3388 269 3473 paveatis
284 3387 444 3463 insignibus
468 3388 585 3445 hortum
598 3387 716 3463 intrant,
729 3388 748 3416 ²⁰
758 3406 842 3466 quem
856 3387 939 3459 forte,
954 3386 1068 3443 steriles
1083 3387 1187 3447 herbas

177 3482 296 3561 eligens,
312 3481 534 3559 Abdalonymus
556 3482 738 3560 repurgabat.
782 3482 864 3539 Tunc
887 3481 968 3557 Rege
991 3500 1025 3538 eo
1048 3481 1186 3557 salutato,

176 3578 252 3635 alter
266 3596 302 3635 ex
315 3577 377 3635 his:
399 3576 419 3606 '⁰
429 3580 445 3609 “
457 3576 610 3653 Habitus,’'
625 3577 729 3653 inquit,
745 3576 817 3635 “hic
830 3576 921 3634 vestis
941 3594 1026 3653 quem
1045 3577 1140 3633 cernis
1155 3577 1187 3635 in

176 3674 247 3731 meis
262 3672 402 3748 manibus»,
414 3692 478 3730 cum
493 3673 549 3730 isto
561 3672 694 3750 squalore
707 3672 915 3747 permutandus
927 3671 981 3727 tibi
992 3678 1043 3727 est.
1086 3672 1186 3729 Ablue

177 3780 288 3843 corpus,
313 3766 423 3840 illuvie,
436 3774 589 3919 teumppe
617 3766 751 3825 sordibus
776 3766 946 3843 squalidum.
990 3764 1068 3841 Cape
1093 3766 1186 3843 Regis
1275 3811 1276 3816 .

134 3848 151 3923 i
157 3846 313 3938 lanimem,
328 3870 357 3921 et
377 3862 407 3920 in
430 3882 492 3921 eam
514 3862 543 3919 fo
575 3881 668 3937 unam,
681 3865 740 3939 qua
762 3861 868 3938 dignus
882 3880 920 3935 es,
934 3860 1020 3918 istam
1040 3863 1187 3921 continen·
1275 3853 1277 3931 Ξ
