2592 4400
394 439 518 480 arnus
549 441 600 480 rv.
633 441 719 480 car.
751 441 814 481 xv.
1070 424 1108 482 ⁷3

95 579 208 658 primus
236 577 268 637 in
295 577 446 637 Persidem
473 579 582 654 intulit,
604 580 749 639 vindicate
776 580 813 640 ab
839 580 943 639 ultimo
967 579 1107 639 dedecore

95 694 202 733 nomen
226 679 396 752 gentemque
422 673 586 733 Persarum.
630 675 678 735 Ite
705 675 813 733 alacres
841 683 871 733 ct
891 695 941 753 spe
964 676 1051 753 pleni,
1072 682 1107 733 ut
1127 658 1276 754 7741*

95 791 183 850 quam
207 769 329 847 gloriam
353 769 505 846 accepistis
529 790 546 828 a
568 771 727 847 majoribus
741 771 854 845 vestris,
875 773 1000 849 posteris
1024 771 1108 829 relin-

96 867 203 944 quatis.
247 864 283 922 In
299 863 411 921 dextris
425 865 531 922 vestris
549 867 610 941 jam
626 865 800 938 libertatem,
815 885 907 942 opem,
922 885 1003 942 spem
1016 865 1109 924 futuri

97 959 237 1035 temporis
261 957 372 1034 geritis.
425 957 539 1037 Effugia
566 966 697 1032 mortem,
726 959 856 1038 quisquis
884 960 1114 1036 contempserit:

98 1053 316 1110 timidissimum
339 1071 481 1130 quemque
505 1053 698 1132 consequitur.
750 1052 819 1130 Ipsc
839 1073 895 1111 non
915 1054 1009 1132 patrio
1029 1073 1109 1112 more

97 1147 203 1220 solrlm,
219 1146 269 1205 sed
292 1146 380 1204 etiam
402 1155 436 1204 ut
460 1147 588 1224 conspici
611 1148 728 1224 possim,
743 1167 830 1206 curru
850 1147 947 1207 vehor.
992 1146 1108 1206 Necre
1125 1152 1142 1190 s
1151 1129 1214 1196 ‘1⁶

96 1261 167 1300 cuso
181 1242 333 1320 quominus
347 1242 500 1300 imitemini
514 1263 569 1317 me,
584 1243 644 1302 sivc
658 1243 839 1303 fortitudinis
852 1242 1023 1322 exemplum,
1046 1243 1108 1302 sive
1156 1230 1158 1233 ¹

97 1336 222 1415 ignaviae
235 1335 347 1394 fuer0.’'

160 1431 229 1491 XV.
252 1435 299 1490 56.
322 1431 445 1488 Interim
461 1431 637 1507 Alexander,
652 1439 730 1491 utet
744 1433 972 1492 demonstratum
986 1453 1004 1490 a
1015 1429 1107 1492 trans

95 1529 170 1606 fugat
185 1526 356 1584 insidiarum
371 1526 464 1584 locum
479 1527 650 1602 circumiret,
667 1535 697 1586 et
716 1527 815 1601 Dario,
830 1529 881 1606 qui
902 1528 1007 1587 laevum
1017 1546 1107 1585 cornu

96 1623 236 1680 tuebatur
250 1629 421 1694 occurreret,
437 1622 445 1649 ¹
457 1641 558 1699 agmen
572 1622 722 1701 obliquum
735 1622 867 1682 incedere
878 1623 970 1700 jubet.
999 1621 1120 1680 Darius·
1135 1624 1153 1673 l
1164 1622 1196 1669 ‘f
1208 1593 1283 1655 fs

95 1737 212 1797 quoque
235 1715 335 1774 eddam
359 1716 465 1774 ’suum
490 1716 624 1790 obvertit,
651 1717 744 1776 Besso
765 1717 921 1791 admonito,
941 1724 977 1774 ut
997 1715 1106 1774 Massa·

95 1819 179 1891 getas
193 1810 305 1888 equites
328 1808 358 1866 in
380 1809 484 1868 laevum
499 1809 661 1868 Alexandri
676 1829 766 1868 cornu
779 1830 796 1868 a
810 1811 902 1868 latere
916 1810 1014 1867 invehi
1025 1809 1106 1886 jube

95 1914 153 1965 ret.
196 1905 265 1982 Ipse
287 1912 353 1962 ante
378 1923 409 1961 se
433 1904 555 1962 falcatos
569 1923 671 1961 currus
691 1903 824 1978 habebat,
839 1923 912 1984 quos
934 1904 1016 1980 signo
1038 1903 1109 1970 dato

95 2001 248 2059 universos
263 1999 293 2056 in'
307 1999 418 2056 hostem
432 1997 542 2055 effudit.
585 1997 723 2057 Ruebant
736 1998 842 2055 laxatis
855 1991 975 2056 habenis
988 1998 1108 2081 aurigae,
1175 2007 1198 2050 ι
1212 2028 1225 2064 =¹

94 2096 156 2175 qub
177 2095 283 2173 plures,
298 2093 426 2152 nondum
441 2095 513 2150 satis
535 2095 651 2170 proviso
669 2093 790 2170 impetn,
805 2093 977 2152 obtererent
1021 2094 1105 2152 Alios
1125 2099 1141 2139 s
1152 2100 1183 2156 ‘s
1196 2090 1216 2141 6
1227 2101 1253 2136 θ

96 2191 168 2268 ergb
182 2189 271 2248 hastae
285 2188 409 2247 multllm
421 2187 497 2247 ultra
511 2194 652 2246 temonem
667 2188 832 2263 eminentes,
847 2187 919 2247 alios
933 2186 969 2247 ab
983 2178 1106 2267 utroque

94 2286 189 2343 latere
217 2283 349 2341 demissae
375 2281 462 2340 falces
486 2282 658 2341 laceravere.
714 2282 778 2341 Nec
801 2284 910 2341 sensim
932 2282 1105 2342 Macedones

94 2380 247 2451 cedebant,
263 2376 419 2443 sedeffusat
439 2376 629 2435 turbaverant
642 2378 712 2455 fuga
726 2378 850 2436 ordines
892 2378 1019 2437 Mazaeus
1038 2399 1105 2465 qno3
1251 2349 1283 2448 Ι

13 2486 14 2491 ’
93 2495 154 2554 que
177 2473 318 2550 perculsis
342 2479 454 2555 metum,
470 2472 601 2545 incussit,
617 2473 697 2530 mille
719 2473 865 2552 equitibus
885 2474 924 2530 ad
943 2474 1106 2552 diripienda
1182 2502 1185 2508 ¹

93 2568 190 2627 hostis
204 2566 409 2643 impedimenta
423 2566 596 2625 circumvehi
615 2568 725 2643 jussis:
745 2576 826 2625 ratus
840 2568 968 2643 captivos
981 2588 1105 2647 quoqne,
1118 2579 1137 2620 s
1151 2574 1187 2632 cs
1209 2562 1232 2611 ὅ
1244 2555 1283 2599 Γ

92 2664 147 2743 qui
171 2660 258 2719 simul
282 2660 511 2733 asservabantur,
533 2668 670 2737 rupturos
684 2661 807 2733 vincula,
828 2663 906 2718 edm.
919 2680 986 2719 snos
1006 2682 1104 2739 appro-

92 2760 270 2837 pinquantes
283 2755 431 2815 vidissent
474 2755 562 2813 ³Non
584 2756 730 2814 fefellerat
752 2756 981 2830 Parmenionem,
1003 2758 1105 2833 quiin

92 2855 171 2911 laevo
186 2870 274 2909 corun
288 2858 357 2908 erat.
401 2849 528 2927 Propere
550 2851 640 2928 igitur
663 2851 873 2927 Polydamanta
885 2851 977 2908 mittit
991 2852 1028 2908 sd
1049 2852 1103 2909 Re

92 2967 170 3026 gem,
198 2946 249 3023 qui
276 2958 307 3001 et
339 2944 498 3022 periculum
532 2946 706 3019 ostenderet,
734 2951 764 3001 et
791 2946 861 3023 quid
888 2945 949 3002 fieri
980 2946 1105 3023 juberet,

93 3041 268 3101 consuleret.
323 3039 389 3112 Ille,
415 3039 514 3097 andito
541 3040 770 3117 Polydamante:
792 3044 809 3074 “
819 3041 889 3115 Abi,
912 3043 1041 3115 nuncia,'’
1063 3043 1104 3100 in·
1120 3055 1188 3109 sas
1201 3051 1263 3116 jc)

93 3139 170 3217 quit,
186 3140 202 3168 “
213 3134 406 3205 Parmenioni,
428 3134 452 3191 si
477 3134 538 3191 acie
552 3134 714 3208 vicerimus,
737 3154 794 3192 non
818 3142 917 3193 nostra
941 3136 1032 3194 solam
1052 3157 1105 3197 nos

92 3238 324 3307 recuperaturos,
352 3228 403 3285 sed
429 3229 533 3303 omnia,
559 3248 624 3306 quae
652 3228 777 3288 hostium
811 3238 880 3286 sunt
905 3241 1102 3309 occupaturos.

92 3324 247 3386 *Proinde
259 3344 316 3382 non
340 3331 384 3381 est
403 3324 480 3401 quod
502 3324 659 3402 quidquam
682 3325 802 3382 virium·
816 3326 958 3384 subducat
977 3347 1013 3385 ex
1034 3322 1119 3406 acies*

92 3422 158 3494 sed,
173 3428 207 3477 ut
221 3438 266 3476 me
281 3425 311 3475 et
332 3418 471 3494 Philippo
486 3426 568 3496 patre
591 3419 708 3495 dignum
731 3428 785 3493 est,
799 3427 962 3499 contempto
985 3423 1103 3480 sarcina·

93 3536 161 3576 rum
176 3514 289 3587 damno,
304 3512 419 3571 fortiter
434 3512 579 3569 dimicet.”
591 3508 743 3595 &Interim
764 3513 888 3588 Barbari
902 3510 1133 3592 impedimenta!
1142 3510 1179 3577 41
1184 3502 1213 3565 7
1216 3505 1236 3542 Α
1247 3500 1264 3510 ..

93 3612 294 3682 turbaverant,
320 3608 457 3685 caesisque
480 3607 626 3685 plerisque
653 3608 815 3684 custodum,
842 3609 958 3685 captivi,
982 3610 1105 3677 vinculis

93 3706 198 3785 ruptis,
213 3702 354 3781 quidquid
369 3702 484 3761 obvium
500 3708 570 3775 erat,
584 3722 640 3780 quo
655 3704 759 3769 armari
779 3711 905 3779 possent,
919 3704 1053 3775 rapiunt;
1075 3712 1105 3773 et

93 3798 248 3879 aggregati
263 3816 379 3855 suorum
394 3797 549 3884 equitibus,
566 3796 740 3856 Macedonas
758 3797 877 3874 ancipiti
897 3798 1105 3871 circumventos

92 3896 169 3954 malo
184 3891 347 3967 invadunt,
371 3892 506 3968 ⁵laetiqua
529 3892 605 3948 cirea
630 3892 833 3968 Sisygambim,
847 3892 951 3950 vicisse
973 3890 1105 3967 Darium,
1164 3915 1170 3927 .

307 3988 324 4042 4
