2592 4400
170 341 225 401 168
513 353 655 406 currui
684 354 824 397 courir

164 497 288 557 domum
330 492 453 555 Onterie
462 493 568 574 gretia
578 500 659 571 ectu,
672 493 750 574 qnod
763 493 801 555 ed
814 494 926 576 reliquo
937 494 1009 557 belli
1022 502 1193 557 neuturus

164 610 280 669 operum
293 588 512 668 pollicebtntur.

225 688 273 745 21.
295 684 472 745 Perventum
492 691 556 744 eret
581 684 612 742 iu
639 684 792 762 pnrvnlum
819 684 973 762 oppidnm3
1009 682 1195 744 Brnnchidne

164 782 229 858 ejus
251 779 355 839 incohr
380 786 471 839 erent
513 778 619 839 Mileto
644 778 790 859 quendem
814 782 898 857 jussu
926 780 1045 854 Xerxis,
1070 782 1147 839 crim
1176 798 1196 837 e

165 874 282 937 Gemuit
299 873 418 949 redira,
440 873 627 949 trnneiernnt,
647 880 679 932 et
700 872 731 931 in
745 878 780 933 et
794 873 863 934 sede
883 874 1094 934 mustitemut:
1114 874 1196 953 quis

164 969 312 1048 templum,
324 968 403 1048 quod
415 967 579 1047 Didymeon
591 968 763 1046 appelletur,
776 968 807 1027 in
820 968 944 1047 gretiam
964 969 1074 1029 Xerxis
1095 968 1196 1027 viole·
1280 1014 1281 1047 p

164 1070 273 1125 rerunt
315 1064 415 1124 Mores
427 1062 516 1141 pntrii
529 1062 654 1121 nondum
667 1062 868 1140 exoleverunt3
890 1063 942 1123 sed
958 1066 1019 1141 jem
1039 1062 1196 1143 bilingues
1278 1103 1279 1130 r

165 1166 257 1235 erunt,
280 1158 451 1237 ”peuhtim
474 1179 493 1217 n
525 1158 681 1217 domestico
709 1166 829 1219 externo
856 1177 986 1218 sermone
1019 1158 1195 1237 degeneres.

166 1256 273 1335 Magno
285 1254 376 1323 igitur
388 1252 496 1333 gnudio
514 1253 626 1330 Regem
647 1253 803 1331 excipiunt,
816 1253 916 1313 urbem
930 1272 1015 1333 seque
1035 1251 1195 1315 dedentes.

165 1349 224 1409 Ille
247 1348 389 1421 Milesios,
410 1348 462 1425 qui
487 1347 564 1425 npud
591 1347 689 1425 ipsum
715 1347 887 1425 militarent,
915 1348 1064 1408 convocari
1090 1349 1195 1425 jubet.

166 1447 262 1507 Vetus
274 1444 372 1503 odium
385 1443 495 1504 Milesii
508 1444 647 1525 gerebent
657 1444 687 1503 in
698 1444 925 1505 Branchidarum
935 1452 1059 1526 gentem.
1080 1447 1104 1477 ¹·
1115 1446 1196 1505 Pro-
1280 1486 1281 1527 p

166 1540 238 1599 ditis
260 1541 338 1619 ergo,
361 1538 424 1599 eive
446 1539 570 1615 injurire,
598 1540 660 1600 sive
683 1540 702 1569 '¹
714 1540 836 1622 originis
863 1540 1028 1600 meminisse
1055 1540 1194 1615 mellent,
1280 1532 1281 1545 ¹

165 1636 291 1696 liberum
304 1635 341 1694 de
350 1634 526 1695 Brunchidie
533 1634 680 1712 permittit
690 1634 851 1697 arbitrium.
874 1635 1069 1695 Variantibus
1079 1636 1195 1695 deiude

166 1730 326 1807 sententiis,
341 1730 469 1809 seipsum
482 1729 737 1805 consideraturum,
751 1729 822 1809 quid
835 1730 977 1808 optimum
995 1730 1078 1790 fectu
1098 1739 1194 1807 esset,
1278 1715 1279 1737 ³

166 1826 303 1887 ostendit
344 1828 366 1857 ¹⁸
377 1826 500 1885 Postero
512 1824 562 1885 die
574 1824 791 1887 occurrentibus
811 1824 986 1885 Branchidis
1006 1844 1103 1884 secum
1124 1846 1194 1905 pro·

167 1923 266 1983 cedere
277 1922 369 2000 jubet
411 1920 544 1999 cumque
563 1919 602 1979 ed
614 1920 718 1980 urbem
737 1928 857 1981 ventum
871 1928 956 1995 essct,
970 1921 1032 1998 ipse
1052 1941 1121 1981 cum
1142 1942 1194 1981 ex·

166 2018 268 2095 peditt
280 2036 368 2077 mnnu
387 2023 500 2095 portem
513 2016 613 2075 intret
656 2015 790 2075 Phelnnx
802 2015 908 2075 moenie
920 2016 1019 2093 oppidi
1032 2016 1194 2077 circumire
1277 2088 1279 2113 Ν

173 2116 263 2191 juneo,
278 2118 309 2171 et
322 2110 391 2171 doto
404 2111 486 2191 signo
500 2110 629 2187 diripere
640 2109 752 2186 urbem,
766 2109 948 2188 proditorum
962 2113 1192 2189 receptnculum,

167 2211 301 2288 ipsosque
314 2207 352 2266 nd
370 2226 460 2266 uuum
480 2205 599 2266 credere.
641 2205 694 2264 Illi
714 2206 837 2266 inermes
857 2207 964 2284 poesim
984 2207 1190 2286 trucidentur;

167 2323 219 2362 uec
233 2309 285 2362 sut
297 2299 465 2361 commercio
479 2301 595 2380 lingue,
609 2307 661 2360 eut
675 2300 846 2378 supplicium
860 2302 1029 2362 velamentis
1041 2305 1192 2380 precibus·

167 2419 223 2478 que
244 2397 368 2456 inhiberi
391 2395 546 2455 crudelitas
566 2405 681 2474 potest:
705 2396 831 2472 tandem,
844 2404 879 2456 nt
901 2395 1065 2475 dejicerent,
1086 2400 1191 2460 funde-

168 2500 265 2552 mentn
285 2511 433 2550 murorum
454 2491 491 2552 ab
513 2493 572 2550 imo
592 2492 760 2567 moliuntur,
781 2492 913 2571 nequod
932 2493 1015 2553 urbis
1028 2495 1190 2574 vestigium
1278 2543 1279 2590 p

168 2595 304 2649 exuberet
326 2585 452 2646 Nemore
466 2587 602 2665 luceeque
615 2605 711 2646 necros
725 2606 782 2645 non
795 2587 910 2646 cmdunt
923 2589 1018 2664 modo,
1033 2590 1084 2648 sed
1098 2591 1190 2649 etium
1278 2615 1279 2647 r

169 2685 323 2763 extirpent,
344 2690 378 2742 ut
398 2690 482 2743 vnete
502 2681 628 2743 solitudo
647 2689 679 2740 et
698 2681 806 2742 sterilis
826 2683 940 2759 humus,
955 2685 1084 2745 excussis
1098 2685 1190 2745 etiem

169 2781 324 2855 radicibus,
338 2779 533 2858 linqueretur:
553 2798 619 2857 quae
632 2778 659 2837 si
672 2778 702 2836 in
716 2778 795 2857 ipone
807 2778 979 2856 proditionis
993 2787 1126 2839 auctores
1140 2799 1190 2841 ex·

169 2877 298 2957 cogitate
321 2882 427 2950 esseut,
453 2877 533 2952 jueta
558 2873 633 2932 ultio
660 2893 732 2950 esse,
756 2893 813 2933 uon
847 2873 1001 2934 crudelitas
1028 2875 1188 2937 videretur.
1277 2907 1278 2910 ¹

171 2973 257 3032 Nunc
277 2952 392 3049 crilpum
412 2972 553 3047 majorum
570 2969 680 3046 posteri
703 2967 790 3044 luere,
804 2969 854 3049 qui
874 2968 1053 3029 nevidcrnut
1070 2972 1189 3051 quidem
1277 3009 1278 3020 κ

170 3063 325 3140 Miletum3
346 3065 366 3094 '⁸
376 3063 448 3123 oded
462 3064 555 3123 Xerxi
566 3083 623 3122 nou
637 3070 792 3141 potuerunt
805 3063 934 3142 prodere.

229 3163 277 3219 22
298 3157 373 3218 Inde
387 3160 526 3236 prooessit
539 3158 576 3217 nd
591 3159 714 3219 Tanaim
728 3179 846 3219 emnem
889 3158 954 3231 Quo
974 3160 1131 3238 perductus
1142 3168 1191 3220 est

171 3253 289 3329 Bessus,
303 3273 360 3312 uon
374 3253 489 3314 rinctus
502 3253 598 3328 modo,
612 3253 665 3312 eed
679 3256 767 3314 etiem
781 3255 801 3284 ²⁴
814 3255 892 3314 omui
904 3254 1069 3315 relnmcnto
1090 3275 1189 3335 corpo-
1276 3257 1277 3264 ’

169 3349 212 3408 rie
225 3349 373 3427 spoliatus
415 3347 596 3426 Spitamenen
618 3367 684 3406 eum
705 3349 832 3424 teuebet,
856 3350 966 3408 inserit
987 3350 1062 3409 collo
1076 3358 1188 3429 ceteut,

170 3452 231 3504 tem
244 3444 383 3506 Borbnrie
395 3463 483 3523 quom
506 3443 714 3504 Macedonibus
732 3451 848 3524 gratum
868 3445 1068 3523 spectaculum.
1113 3449 1190 3508 Tum

172 3540 361 3617 Spitamenes.
383 3543 400 3574 “
411 3539 452 3598 lit
465 3539 523 3614 te‚''
536 3539 642 3617 iuquit,
658 3543 674 3573 “
689 3547 719 3599 et
734 3537 865 3617 Darium,
885 3539 981 3620 Reges
1004 3559 1083 3600 meos
1097 3543 1188 3620 uitus,

172 3635 386 3694 interfectorem
400 3634 510 3693 domini
531 3634 577 3694 sui
591 3634 708 3709 edduxi,
723 3655 756 3694 eo
779 3636 864 3696 modo
885 3645 1008 3714 coptum,
1022 3639 1106 3715 cujus
1127 3639 1189 3716 ipse

171 3729 242 3786 fecit
255 3730 422 3807 exemplum
464 3729 484 3757 ²⁸
494 3729 617 3807 Aperint
630 3727 669 3786 nd
683 3727 736 3787 hoc
749 3731 947 3807 spectaculum
959 3730 1058 3790 oculos
1072 3731 1185 3791 Durius.

173 3821 293 3882 Existet
304 3824 342 3884 nb
354 3824 463 3900 inieris,
476 3824 527 3904 qui
539 3823 590 3883 illo
604 3823 742 3902 supplicio
756 3824 890 3906 indiguus
902 3826 968 3901 init,
980 3833 1010 3884 et
1020 3825 1074 3885 hoo
1084 3827 1188 3888 solatio
1273 3837 1275 3884 ι
