2592 4400
404 399 525 438 arnna
551 399 603 438 rx·.
633 398 717 439 cnr.
747 400 819 439 vrr.
1060 376 1120 440 233

164 544 182 575 “
196 538 326 601 Obsecro
340 556 399 612 vos,
414 537 539 617 cogitate
559 556 613 596 nos
632 537 797 615 pervenisse
818 539 849 597 in
870 546 974 613 terras,
988 538 1123 617 ”quibus

104 636 229 695 foeminae
252 635 290 693 ob
310 634 450 693 virtutem
471 633 690 694 celeberrimum
712 653 816 693 nomen
836 643 889 695 est.
940 634 1017 705 Quas
1037 635 1123 694 urbes

105 730 274 791 Semiramis
302 730 458 788 condidit?
491 748 562 808 quas
597 736 698 808 gentes
724 730 838 809 redegit
865 730 895 789 in
928 728 1124 807 potestatem?

103 834 213 905 quanta
227 845 314 903 opera
327 825 429 884 molita
442 825 509 884 est?
550 824 688 883 Nondum
708 826 855 884 foeminam
869 825 1045 903 aequavimus
1064 826 1124 905 glo·

103 921 157 997 rit,
172 929 203 979 et
224 922 286 997 jam
305 940 358 979 nos
380 920 475 978 laudis
497 920 616 979 satietas
629 920 733 997 cepit?
774 922 794 949 ⁹⁵
802 920 853 978 Dii
877 922 1001 1004 faveant,
1015 924 1124 998 majora

102 1016 197 1074 adhuc
210 1023 329 1075 restant.
372 1016 430 1076 Sed
452 1016 496 1073 ita
515 1022 615 1073 nostra
638 1022 732 1091 erunt,
746 1036 811 1094 quae
824 1016 952 1074 nondum
965 1015 1124 1093 attigimus,

102 1112 127 1171 si
151 1112 229 1169 nihil
250 1132 370 1189 parvum
393 1111 568 1186 duxerimus,
582 1111 614 1168 in
633 1130 689 1189 quo
714 1131 826 1190 magnae
848 1110 949 1190 glorias
970 1110 1050 1169 locus
1071 1117 1122 1171 est.

103 1207 167 1265 Vos
191 1208 279 1265 modo
293 1227 338 1266 me
358 1207 396 1266 ab
419 1206 559 1265 intestine
579 1206 689 1282 fraude,
714 1214 745 1265 et
769 1207 988 1265 domesticorum
1010 1206 1124 1265 insidiis

101 1310 241 1379 praestate
255 1322 403 1378 securum;
425 1302 497 1362 belli
511 1302 672 1380 Martisque
696 1302 851 1361 discrimen
872 1302 1037 1381 impavidus
1059 1302 1124 1361 suh

101 1398 158 1457 ibo.
201 1398 355 1476 Philippus
369 1398 400 1455 in
413 1398 473 1456 acie
487 1399 578 1455 tutior
598 1400 686 1475 quem
700 1397 731 1455 in
745 1397 858 1457 theatro
871 1398 937 1457 fuit.
985 1398 1125 1457 Hostium

101 1514 206 1552 manus
230 1496 305 1571 saepe
326 1493 440 1567 vitavit,
467 1512 583 1551 suorum
609 1492 734 1571 effugere
758 1512 814 1551 non
835 1493 936 1553 valuit.
986 1493 1124 1552 Aliorum

101 1608 215 1667 quoque
229 1590 344 1668 Regum
357 1588 452 1647 exitus
474 1588 500 1647 si
521 1588 734 1665 reputaveritis,
755 1588 853 1665 plures
868 1588 958 1647 esuis
979 1591 1067 1667 quim
1087 1589 1124 1649 ab

102 1684 186 1742 hoste
199 1684 388 1767 interemptos
400 1683 618 1743 numerabitis.'’

162 1780 212 1813 ”“
224 1778 382 1855 Caeterum,
409 1778 544 1858 quoniam
572 1778 641 1836 olim
669 1778 712 1837 rei
734 1778 853 1857 agitatae
879 1778 911 1836 in
938 1778 1030 1836 animo
1050 1796 1123 1853 meo,

103 1894 178 1933 nuno
200 1874 365 1951 promendae
387 1873 498 1932 occasio
520 1874 615 1933 oblata
638 1881 698 1951 est3
727 1873 798 1931 mihi
821 1872 963 1932 maximus
990 1872 1124 1932 laborum
1205 1859 1206 1862 ¹

103 1978 190 2049 atque
204 1989 320 2047 operum
334 1989 463 2028 meorum
477 1969 535 2027 erit
555 1971 675 2044 fructus,
691 1970 716 2027 si
732 1968 882 2047 Olympias
895 1976 989 2026 mater
1010 1968 1124 2026 immor·

101 2065 214 2125 talitati
248 2073 438 2142 consecretur,
473 2064 708 2143 quandocumque
742 2064 898 2123 excesserit
929 2062 1000 2123 vita.
1060 2062 1079 2091 ²⁷
1090 2062 1123 2123 Si

103 2163 230 2236 licuerit,
246 2160 307 2240 ipse
329 2161 472 2239 praestabo
487 2160 548 2221 hoo.
591 2160 623 2220 si
646 2181 691 2220 me
705 2160 725 2189 ²⁸
734 2160 904 2239 praeceperit
924 2160 1025 2236 fatum,
1041 2159 1060 2187 ²⁹
1070 2177 1122 2218 vos

103 2259 257 2317 mandasse
271 2257 474 2316 mementote.''
489 2281 492 2285 ²
515 2259 635 2315 Attum
649 2257 763 2335 quidem
779 2257 884 2315 amicos
898 2255 1017 2315 dimisit.
1061 2255 1122 2316 Gas-

102 2359 197 2412 terirm
211 2373 262 2430 per
276 2352 435 2429 complures
449 2352 512 2410 dies
526 2352 567 2412 ibi
581 2353 689 2412 stativa
701 2351 812 2412 habuit.
894 2355 916 2386 '
940 2344 942 2350 ’

162 2448 239 2508 VII.
262 2454 308 2507 22.
332 2448 405 2506 Haec
433 2447 501 2504 dum
527 2447 559 2504 in
586 2446 675 2505 India
701 2455 850 2526 geruntur,
879 2447 974 2508 Graeci
1000 2448 1119 2523 milites,

102 2565 194 2622 nuper
206 2544 238 2602 in
250 2543 375 2601 colonias
389 2562 407 2600 a
420 2543 502 2622 Rege
516 2538 633 2600 deducti
646 2543 723 2601 circa
738 2543 853 2619 Bactra,
868 2549 932 2602 ortt
947 2543 1023 2602 inter
1041 2544 1122 2621 ipsos

102 2640 254 2714 seditione,
269 2638 440 2712 defecerant,
457 2641 463 2666 ¹
476 2658 533 2696 non
548 2646 609 2694 tam
622 2638 792 2697 Alexandro
814 2637 927 2713 infensi,
942 2641 1029 2718 quim
1043 2646 1122 2697 metu

101 2734 255 2813 supplicii:
286 2733 391 2812 quippe
414 2733 516 2791 occisis
538 2733 711 2812 quibusdam
738 2723 928 2811 popularium,
956 2734 1024 2811 ²qui
1051 2733 1121 2793 vali·

102 2831 201 2890 diores
225 2836 316 2903 eraut,
339 2849 419 2887 arma
443 2835 573 2905 spectare
597 2837 752 2912 coeperunt.
803 2827 845 2886 Et
869 2828 1027 2887 Bactriana
1048 2847 1120 2902 arce,

101 2947 167 3006 quaa
180 2924 262 3004 quasi
275 2923 471 3002 negligentius
485 2930 631 2982 asservata
645 2931 715 2997 erat,
730 2928 878 3000 occupata,
893 2923 1039 2982 Barbaros
1053 2942 1120 3002 quo·

101 3041 156 3101 que
179 3020 212 3078 in
226 3021 394 3078 societatem
417 3017 588 3077 defectionis
608 3018 791 3096 impulerant.
833 3017 1037 3077 Athenodorus
1057 3024 1120 3076 erat

101 3116 237 3196 princeps
257 3107 366 3188 eorum,
387 3113 437 3192 qui
460 3113 551 3192 Regis
572 3116 685 3192 queque
705 3133 809 3171 nomen
833 3121 1035 3192 assumpserat,
1062 3133 1121 3171 non

101 3218 163 3270 tam
177 3208 294 3286 imperii
307 3208 449 3286 cupidine,
463 3211 549 3287 quam
570 3209 602 3266 in
615 3209 740 3286 patriam
753 3209 917 3268 revertendi
931 3229 996 3268 cum
1010 3209 1055 3284 iis,
1070 3209 1120 3287 qui

102 3305 308 3366 auctoritatem
322 3303 413 3381 ipsius
423 3303 624 3381 sequebantur.
667 3303 745 3360 Huic
759 3303 850 3362 Bicon
863 3303 981 3383 quidam
994 3303 1120 3362 nationis
1152 3360 1154 3364 .

102 3401 244 3479 ejusdem,
266 3399 317 3457 sed
339 3398 375 3458 ob
396 3399 609 3457 aemulationem
632 3397 765 3474 infestus,
788 3399 965 3476 comparavit
987 3398 1118 3473 iusidias,

101 3497 316 3572 invitatumque
330 3494 366 3552 ad
387 3493 487 3570 epulas
508 3513 560 3570 per
574 3493 689 3552 Boxum
703 3493 853 3571 quemdam
875 3492 1075 3551 Macarianum
1089 3491 1120 3549 iu

101 3591 234 3652 convivio
248 3589 361 3648 occidit.
404 3589 525 3648 Postero
547 3587 595 3646 die
616 3588 751 3646 concione
774 3587 912 3646 advocatia
937 3585 1028 3644 Bicon
1041 3585 1119 3644 ultrd

101 3685 271 3746 insidiatum
299 3685 354 3745 sibi
388 3683 611 3742 Athenodorum
643 3683 785 3760 plerisque
812 3687 1004 3759 persuaserat.
1060 3679 1119 3739 Sed

101 3781 165 3841 aliis
179 3787 314 3860 suspecta
333 3779 415 3838 fraus
436 3785 500 3838 erat
522 3773 649 3850 Biconis,
664 3785 694 3834 et
707 3777 847 3854 paulatim
871 3775 903 3832 in
915 3774 1012 3852 plures
1033 3775 1120 3852 coepit

101 3897 216 3938 manare
229 3873 364 3952 suspicio.
416 3873 520 3953 Itaque
534 3871 629 3933 Graeci
642 3871 748 3930 milites
762 3889 841 3929 arma
856 3870 981 3948 capiunt,
995 3869 1121 3929 occisuri
