2592 4400
188 462 245 520 196
532 472 673 525 eursrr
699 470 839 513 ounrrr

184 618 274 697 qaam
298 614 349 674 ille
370 610 473 673 eadem
493 630 540 671 me
562 610 707 671 dicentem
728 610 853 669 tulisset
895 608 1013 687 Regum
1035 607 1191 687 dueumque

183 710 336 771 elementia
357 726 415 768 non
438 706 469 765 in
491 708 621 785 ipsorum
643 706 737 781 modb,
762 704 814 765 sed
836 704 923 763 etiam
948 704 979 761 in
1001 703 1130 777 illorum,
1147 702 1194 781 qui

183 814 295 883 parent,
310 804 434 884 ingeniis
459 804 516 862 sita
535 809 586 861 est
631 800 780 881 Obsequio
793 800 964 877 mitigantur
986 799 1126 877 imperia:
1147 797 1196 856 ubi

183 902 252 959 sord
265 899 429 959 reverentia
451 898 575 956 excessit
588 897 700 970 animis,
714 904 745 955 et
766 914 877 956 summa
897 894 963 952 imis
984 892 1196 968 eonfundimus,

184 994 213 1055 vi
228 1014 300 1071 opus
314 1000 368 1069 est,
381 1000 416 1052 ut
429 992 487 1052 vim
501 990 701 1069 repellamus.”

243 1092 260 1123 “
274 1088 333 1150 Sed
345 1088 417 1169 quid
429 1107 484 1167 ego
497 1087 593 1161 mirer,
608 1087 617 1115 ¹
629 1087 717 1147 istum
737 1084 940 1144 crudelitatem
960 1082 1033 1141 mihi
1047 1082 1198 1159 objecisse,

184 1186 235 1265 qui
257 1184 408 1245 arentiam
430 1179 604 1261 exprobrare
617 1200 704 1240 ausus
725 1181 785 1239 siet
829 1178 857 1239 N
860 1178 907 1238 olo
922 1176 1050 1256 singulos
1065 1181 1199 1237 vestrum

87 1306 92 1315 ·
183 1280 339 1354 ‘exaitare
360 1298 397 1337 ne
418 1278 541 1337 invisam
564 1276 769 1335 liberalitatem
793 1294 886 1335 meam
910 1273 1023 1347 faeiem,
1043 1273 1070 1331 si
1094 1272 1199 1349 pudori

184 1384 281 1436 uestro
294 1392 411 1451 gravem
424 1374 527 1431 leeero.
570 1372 678 1430 Totum
692 1371 851 1429 exereitum
865 1370 994 1447 aspicite.
1037 1366 1098 1438 Qui
1112 1368 1198 1445 pauld

185 1472 254 1529 ante
268 1469 342 1527 nihil
355 1475 462 1546 praeter
476 1486 556 1526 arma
568 1466 722 1541 hebebant,
734 1485 810 1524 nune
824 1464 968 1543 argenteis
982 1462 1091 1523 oubant
1106 1462 1199 1535 leotie,
1277 1502 1278 1519 1

185 1583 298 1623 mensas
311 1580 382 1621 auro
396 1567 525 1635 onerant,
538 1580 641 1641 greges
663 1580 812 1620 servorum
826 1560 945 1634 duount,
960 1557 1053 1636 spolia
1076 1556 1114 1617 de
1137 1557 1199 1616 bes·
1277 1596 1278 1601 κ

185 1658 264 1718 tibus
278 1658 422 1717 sustinere
435 1676 492 1715 nou
505 1656 657 1735 possunt.’'

244 1753 319 1811 “At
340 1752 417 1811 enim
440 1746 549 1826 Persae,
570 1770 644 1830 quoe
665 1750 796 1824 visimus,
817 1749 848 1809 in
871 1768 974 1827 magno
998 1746 1108 1807 honore
1131 1754 1201 1809 sunt
1277 1730 1278 1751 ³

184 1849 262 1927 apud
276 1847 339 1907 mel
382 1846 526 1926 Equidem
536 1845 743 1905 moderationis
763 1864 836 1905 mere
849 1845 1043 1905 oertissimum
1058 1843 1201 1903 indicium
1277 1908 1278 1917 χ

185 1953 238 2019 est,
253 1944 331 2023 quod
353 1962 390 2002 ne
410 1942 498 2002 vietis
518 1941 636 2019 quidem
660 1939 782 2017 superbie
809 1941 927 2018 impero.
970 1938 1050 1997 Veni
1071 1939 1150 1997 enim
1170 1939 1201 1997 in

185 2041 296 2117 Asiam,
310 2058 367 2097 non
390 2044 426 2096 ut
448 2036 584 2096 funditus
605 2044 765 2095 everterem
788 2044 899 2113 gentes,
914 2054 966 2093 neo
989 2040 1024 2092 ut
1048 2034 1201 2093 dimidiam

184 2144 297 2216 partem
310 2142 453 2193 terrarum
468 2130 656 2190 solitudinem
670 2130 812 2191 iacerem:
834 2129 885 2189 sed
898 2137 933 2189 ut
945 2128 1021 2205 illos,
1032 2148 1107 2209 quos
1121 2130 1200 2191 bello
1274 2188 1277 2198 ,

185 2231 372 2308 subegissem,
395 2227 528 2288 victorie
550 2245 623 2286 meae
644 2245 702 2286 non
729 2225 889 2304 poeniteret.
939 2225 1046 2304 Itaque
1069 2226 1201 2286 militant

184 2323 341 2398 vobiscum,
353 2342 406 2400 pro
419 2323 540 2400 imperio
550 2329 648 2382 vestro
664 2321 831 2400 sanguinem
844 2321 979 2398 fundunt,
989 2321 1040 2399 qui
1055 2322 1199 2400 'superbe

185 2419 279 2478 babiti
302 2418 499 2478 rebellteeent
550 2417 618 2476 Non
642 2423 689 2475 est
716 2417 855 2477 diuturne
877 2417 1030 2494 possessio,
1054 2417 1086 2476 in
1113 2437 1199 2497 quam
1276 2423 1277 2464 Ι

184 2514 283 2592 gladio
307 2513 488 2589 indusimur;
518 2512 721 2574 benefieiorum
745 2512 840 2592 gretie
861 2512 1037 2591 sempiterne
1059 2520 1113 2574 est.
1166 2513 1200 2574 si

74 2619 77 2627 '
186 2610 291 2668 babere
306 2608 417 2682 Asiam,
431 2608 508 2666 ‘non
522 2608 644 2666 transire
658 2607 800 2683 volumus,
813 2627 880 2666 eum
900 2608 945 2666 his
959 2608 1200 2667 eommunieanda

185 2713 231 2764 est
243 2713 343 2774 nostra
356 2703 517 2762 elementia
560 2701 677 2762 Horum
688 2702 760 2760 fider
783 2702 887 2761 stabile
906 2710 936 2761 et
954 2710 1097 2762 aeternum
1111 2704 1199 2762 iaeiet

187 2801 357 2879 imperium:
379 2807 410 2858 et
423 2818 492 2858 sane
504 2797 571 2877 plus
584 2797 732 2869 habemus,
747 2799 835 2875 quam
849 2797 984 2876 sapimus.
1014 2797 1198 2858 Insatiabilis

187 2905 284 2955 aetem
308 2895 431 2956 avaritia
453 2902 507 2969 est,
522 2893 616 2951 adhue
640 2892 760 2970 implere
783 2892 866 2967 velle,
889 2891 967 2972 quod
992 2894 1053 2970 jam
1077 2893 1198 2954 oiroum·
1276 2955 1277 2958 ,

186 2992 282 3050 fluit’'

249 3085 507 3145 “'Verumtamen
526 3102 624 3142 eorum
647 3099 743 3141 mores
765 3082 795 3140 iu
820 3081 994 3142 Macedonas
1015 3083 1196 3144 transfundo.

189 3179 226 3238 In
246 3180 346 3239 multis
360 3180 454 3239 'enim
475 3178 611 3259 gentibus
634 3197 698 3236 esse
720 3178 803 3237 video
826 3197 891 3257 quae
915 3199 971 3237 non
994 3178 1198 3238 erubesoamus
1276 3183 1277 3205 *

188 3275 305 3335 imitari.
349 3275 377 3334 N
380 3295 412 3333 eo
425 3276 511 3333 aliter
531 3283 646 3332 tantam
666 3273 818 3350 impe-rium
833 3275 900 3348 apte
914 3275 975 3352 regi
988 3281 1094 3353 potest,
1109 3277 1200 3354 quiam

189 3379 224 3432 ut
235 3369 369 3450 quaedam
382 3378 413 3430 et
425 3369 574 3428 tradamus
588 3367 657 3443 illis,
672 3375 702 3425 et
715 3369 752 3428 ab
767 3369 869 3426 iisdem
884 3369 1058 3428 diseamus.'’

249 3466 359 3526 “Illud
372 3465 445 3545 pand
460 3464 578 3543 dignum
591 3463 653 3521 risu
667 3463 732 3534 fuit,
743 3465 821 3541 quod
837 3464 1013 3522 Hermolaus
1026 3463 1200 3541 postulabat

188 3583 205 3622 a
218 3582 273 3638 me,
288 3571 323 3620 ut
336 3579 483 3621 aversarer
497 3559 519 3617 J
522 3577 612 3632 ovem,
626 3561 711 3634 eujus
725 3559 840 3618 oraeulo
854 3579 998 3637 agnoscor.
1042 3560 1092 3617 An
1108 3560 1199 3620 etium
1255 3599 1259 3606 ·

186 3659 257 3736 quid
272 3655 323 3716 Dii
336 3655 537 3735 respondeant,
552 3653 581 3709 in
595 3657 659 3709 mea
679 3661 824 3729 potestate
838 3655 907 3712 est?
958 3653 1076 3714 Obtulit
1088 3673 1194 3714 nomeu

185 3754 239 3810 tilii
254 3754 340 3811 mihi:
360 3753 508 3828 'recipere
531 3749 603 3825 ipsis
625 3747 720 3822 rebus,
734 3769 806 3826 quas
828 3751 950 3829 agimus,
965 3749 1042 3808 haud
1064 3749 1195 3809 alienum

185 3848 250 3907 fuit
291 3847 413 3909 Utinam
435 3844 504 3904 Indi
526 3861 639 3920 quoque
661 3842 754 3901 Deum
776 3863 839 3904 esse
863 3865 907 3904 me
929 3844 1057 3904 eredunt
1101 3844 1196 3904 Fama
1275 3907 1276 3916 ,
