2592 4400
435 416 556 467 arara
581 427 614 467 x.
640 426 724 469 car.
753 425 824 469 v11.
1076 414 1135 474 259

111 566 248 643 '‘eoque,
273 564 351 644 quod
372 556 470 642 major
489 584 558 644 pars
579 586 679 626 eorum
703 566 871 643 decreverit,
894 576 1007 629 stetur:
1037 571 1133 646 duces,

6 645 8 670 '
111 661 305 739 praefectique
327 661 472 737 copiarum
496 662 542 720 his
562 664 715 740 pareant.’'
757 660 918 724 Ptolemaeo
940 666 1067 744 quidam,
1085 686 1133 743 po·

111 756 207 814 tiores
229 755 381 814 Perdiccae
404 756 644 816 assentiebantur.
698 758 774 816 Tum
802 759 962 819 Aristonus
984 769 1065 819 ortus
1088 768 1133 821 est

112 849 223 924 dicere,
239 850 441 909 Alexandrum
462 852 634 925 consultum,
650 854 697 911 cui
718 853 1039 936 relinqueretlregnum,
1054 856 1131 915 volu·

111 945 172 1004 isse
183 946 326 1023 optimum
342 946 452 1023 deligi:
471 947 635 1023 judicatum
656 956 753 1007 autem
768 948 881 1026 abipso
896 948 1046 1026 optimum,
1063 951 1130 1011 Per·

6 1069 7 1116 j
112 1040 238 1113 diccaru,
260 1042 308 1099 cui
332 1041 473 1099 annulum
496 1041 674 1100 tradidisset.
729 1043 831 1122 Neq'ue
854 1044 930 1101 enim
953 1064 1043 1102 uuum
1065 1065 1130 1105 eum

6 1173 7 1216 ᾗ
112 1124 260 1194 assedisse
274 1136 419 1209 morienti,
435 1137 486 1194 sed
511 1137 761 1196 circumferentem
777 1138 885 1213 oculos,
901 1158 938 1197 ex
953 1139 1041 1198 turbt
1063 1142 1129 1199 ami·

111 1250 214 1291 corum
237 1231 379 1309 delegisse
399 1230 447 1289 cui
472 1232 610 1290 traderet.
655 1214 775 1292 Placere
798 1234 896 1312 igitur,
917 1254 1058 1293 summam
1079 1236 1129 1295 im·

110 1325 188 1403 perii
204 1326 243 1383 ad
267 1326 439 1384 Perdiccam
463 1325 577 1385 deferri.
621 1326 685 1385 Neo
708 1326 886 1403 dubitavere,
901 1330 971 1407 quin
986 1349 1054 1389 vera
1068 1350 1129 1389 cen·

111 1429 199 1480 seret.
243 1422 350 1499 Itaque
371 1422 501 1480 universi
523 1422 679 1499 procedere
706 1423 736 1480 in
758 1422 886 1490 medium
907 1422 1083 1503 Perdiccam,
1099 1432 1130 1485 et

111 1516 207 1593 Regis
222 1516 361 1575 annulum
375 1518 479 1575 tollere
489 1517 640 1593 jubebant.
685 1517 826 1577 Haerebet
845 1519 921 1577 inter
941 1521 1129 1597 cupiditatem

110 1613 319 1691 pudoremque,
340 1619 376 1670 *et
395 1614 453 1691 qud
475 1613 639 1671 modestius
662 1613 741 1691 quod
765 1614 944 1691 expectabat,
969 1624 1128 1693 appeteret,

110 1707 297 1784 pervicacius
320 1707 468 1767 oblaturos
488 1727 550 1766 esse
573 1698 739 1767 credebat)
760 1709 866 1787 Itaque
891 1716 1052 1785 cunctatus,
1068 1712 1128 1769 diu·

111 1822 169 1881 que
197 1802 270 1881 quid
299 1810 397 1881 ageret
424 1804 561 1878 incertus,
590 1804 628 1861 ad
655 1804 791 1861 ultimum
819 1812 915 1881 tamen
942 1807 1069 1880 recessit,
1098 1813 1128 1865 et
1224 1824 1227 1836 ·

112 1906 181 1976 post
195 1918 254 1971 eos,
268 1899 320 1977 qui
334 1899 469 1957 sederant
485 1892 619 1977 proximi,
635 1900 775 1958 constitit.
818 1900 862 1958 At
884 1899 1033 1979 Meleager
1051 1920 1128 1961 unus

112 2015 130 2051 e
152 1994 283 2068 ducibus,
298 1995 463 2053 confirmato
485 1996 588 2068 animo,
602 2015 687 2073 quem
711 1992 859 2054 Perdiccae
884 1995 1030 2054 cunctatio
1049 2016 1128 2055 erex-

112 2096 187 2162 erat,
218 2088 312 2147 “Nee
345 2089 396 2147 Dii
425 2090 572 2163 siverint,”
597 2090 699 2167 inquit,
725 2093 741 2123 “
752 2096 786 2147 ut
813 2088 975 2147 Alexandri
1002 2091 1127 2165 fortuna,

112 2183 248 2263 tantique
272 2184 353 2262 regni
369 2184 525 2262 fastigium
548 2186 578 2242 in
602 2185 676 2244 istos
699 2184 833 2244 humeros
855 2191 930 2244 ruat.
985 2184 1127 2246 Homines

112 2279 194 2336 certe
208 2299 265 2337 non
279 2281 381 2338 ferent
425 2282 445 2310 ¹¹
457 2280 540 2338 Nihil
564 2281 628 2339 dico
652 2281 688 2339 de
702 2281 894 2340 nobilioribus
908 2281 999 2360 quam
1013 2281 1060 2340 bia
1074 2288 1127 2356 est,

113 2375 166 2433 sed
188 2375 225 2434 de
238 2375 311 2434 viris
332 2377 458 2450 tantum,
471 2376 578 2455 quibus
599 2376 700 2435 invitis
719 2376 792 2434 nihil
814 2378 926 2454 perpeti
941 2395 1058 2436 necesse
1073 2384 1126 2436 cst

113 2470 145 2528 N
146 2489 180 2528 ec
190 2472 260 2528 verb
274 2471 404 2545 interest,
420 2470 558 2530 Roxanes
571 2471 672 2545 filium,
682 2473 919 2550 quandocumque
932 2472 1049 2549 genitus
1062 2472 1126 2548 erit,

113 2584 152 2623 an
179 2566 349 2624 Perdiccam
372 2567 484 2644 Regem
507 2567 650 2641 babeatis,
667 2568 734 2624 culm
759 2567 814 2624 iste
829 2567 882 2625 sub
904 2566 1010 2628 tutelae
1032 2566 1127 2644 specie

112 2679 236 2738 regnum
258 2671 448 2739 occupaturus
471 2663 518 2721 sit.
571 2663 676 2741 Itaque
700 2681 783 2721 nemo
807 2662 835 2720 ei
860 2660 927 2720 Rex
949 2663 1054 2740 placet,
1070 2661 1127 2720 nisi

6 2784 7 2793 ¹
112 2757 165 2835 qui
179 2756 306 2815 nondum
319 2764 405 2814 natus
420 2765 473 2816 est.
517 2757 558 2815 Et
572 2758 602 2815 in
616 2760 700 2815 tauta
715 2758 842 2816 omnium
857 2757 1054 2829 festinatione,
1068 2775 1127 2814 nou

118 2854 204 2928 juata
225 2852 310 2910 modo
325 2852 376 2911 sed
395 2854 483 2911 etiam
506 2853 679 2926 necessaria,
696 2853 837 2910 1²exactos
858 2867 970 2909 menses
985 2849 1064 2908 solus
1078 2869 1124 2908 ex·

6 2946 7 2949 ’
113 2955 220 3025 pectat,
244 2950 353 3025 etjam
375 2948 488 3008 divinat
509 2969 616 3006 marem
639 2967 703 3006 esse
728 2953 915 3023 conceptum3
939 2944 1052 3024 ¹'quem
1073 2963 1126 3004 vos

114 3042 260 3102 dubitatis
278 3051 411 3121 paratum
425 3064 488 3102 esse
502 3043 549 3102 vel
563 3043 710 3102 subdere?
751 3041 783 3102 Si
805 3039 1022 3100 mediusfidius
1037 3039 1126 3100 Alex·

114 3138 206 3197 ander
224 3138 301 3196 bunc
320 3136 404 3198 nobis
418 3139 531 3216 Regem
551 3158 603 3216 pro
617 3158 648 3197 se
662 3137 839 3216 reliquisset,
854 3136 884 3194 id
909 3135 1002 3195 solum
1022 3155 1059 3195 ex
1081 3135 1127 3198 his

6 3250 7 3283 2
113 3255 182 3314 quaa
200 3235 382 3311 imperasset,
396 3253 453 3292 non
474 3234 636 3292 faciendum
658 3251 720 3292 esse
741 3252 895 3292 censerem.
938 3231 1016 3303 Quin
1037 3232 1127 3311 igitur

114 3331 153 3390 ad
189 3329 367 3406 diripiendos
396 3329 547 3388 thesauros
575 3328 763 3386 discurritis?
793 3328 896 3386 harum
931 3328 1007 3386 enim
1041 3345 1126 3404 opum
1186 3359 1193 3372 »

6 3502 7 3505 ¹
115 3425 265 3502 regiarum
288 3425 390 3503 utique
419 3425 440 3454 ¹⁴
448 3423 573 3502 populus
595 3430 641 3482 est
661 3423 779 3482 haeres.’'
821 3424 896 3482 Haeo
915 3423 1055 3494 elocutus,
1074 3439 1127 3498 per

6 3554 7 3561 .
114 3521 226 3580 medios
240 3528 366 3579 armatos
380 3521 484 3598 erupit.
528 3519 571 3578 let
583 3519 634 3598 qui
646 3519 764 3577 abeunti
778 3519 854 3577 viam
869 3517 1016 3589 dederant,
1031 3516 1127 3602 ipsum

6 3646 8 3653 v
114 3617 152 3675 ad
165 3617 385 3692 pronunciatum
406 3613 534 3693 praedam
548 3614 750 3692 sequebantur.

176 3710 251 3771 VH.
277 3714 321 3770 18.
343 3709 467 3787 Jamque
490 3716 664 3768 armatorum
687 3708 763 3766 circa
790 3707 966 3784 Meleagrum
992 3704 1127 3782 frequens

112 3807 216 3887 globus
229 3813 301 3880 arat,
316 3805 345 3864 in
368 3804 535 3863 seditionem
558 3825 591 3862 ao
605 3803 777 3862 discordiam
790 3805 872 3860 verat
891 3799 1043 3858 concione:
1064 3802 1128 3856 cum

112 3901 230 3982 quidam
243 3900 387 3980 plerisque
402 3899 591 3959 Macedonum
612 3898 726 3976 ignotus
740 3915 776 3954 ex
796 3895 894 3952 infima
908 3893 1001 3971 plebe,
1016 3891 1127 3964 “Quid
