2592 4400
202 366 243 426 94
511 364 521 376 ”
552 380 857 433 cursuscursus

135 548 142 563 ·
201 521 365 583 infelicibus
390 520 493 600 patris,
519 522 608 600 qulm
633 520 769 597 solitudo,
795 527 826 580 et
852 525 944 581 stotts
967 518 1078 599 prioris
1103 520 1217 582 oblivio

202 616 280 677 Nem
298 616 348 696 qui
371 616 498 675 multum
520 616 552 675 in
575 634 692 675 suorum
715 614 914 675 misericordie
937 623 1058 693 ponunt,
1083 617 1219 695 ignorent

203 714 319 791 ”quem
340 711 474 771 celeriter
494 711 628 790 lacrymse
647 710 816 809 Q
858 710 953 771 Nemo
966 710 1096 770 fideliter
1110 712 1217 791 diligit,

200 827 239 886 qu
310 807 432 867 ustidit:
452 826 519 865 uam
532 814 562 866 et
575 806 724 865 calamites
737 806 855 885 querula
868 812 921 881 est,
936 812 965 865 et
987 808 1114 887 superba
1128 808 1218 865 felici·

113 796 345 1067 &Woelffin
358 922 438 961 suam
459 901 580 981 quisque
592 901 738 981 fortunam
759 902 788 959 in
810 900 960 960 consilium
980 900 1162 976 habeteom
1183 902 1218 960 de

199 997 257 1057 alie
318 998 475 1058 deliberat:
496 1003 527 1055 ot
551 996 633 1055 ”nisi
653 998 755 1055 mutuo
776 1014 901 1055 essemus
920 996 1016 1057 misor'
1048 980 1122 1055 olim
1143 999 1218 1057 elius
1285 992 1286 1029 ³

199 1094 251 1152 alii
273 1092 467 1173 potuissemus
487 1110 550 1151 esso
571 1090 698 1151 fastidio.
749 1090 829 1162 Quid
852 1091 957 1151 mirum
988 1086 997 1113 '¹
1051 1092 1218 1151 fortunatos

200 1208 311 1266 sempor
336 1207 436 1265 parem
459 1186 611 1266 quaerere?
663 1186 790 1248 Obsecro
817 1204 878 1261 vos,
900 1186 969 1245 olim
993 1186 1056 1245 vite
1084 1186 1217 1247 defuncti

199 1282 361 1360 queminus
388 1282 491 1355 locum,
518 1281 550 1339 in
581 1300 638 1359 quo
669 1280 731 1341 hmo
757 1300 867 1341 semeso
898 1280 1024 1341 membru
1050 1280 1217 1357 obruamus,

10 1371 11 1424 l
116 1364 250 1435 Muti
263 1375 417 1436 horribiles
438 1375 588 1435 cicatrices
610 1376 684 1434 celet
703 1376 829 1435 exilium
874 1377 893 1405 ¹²
903 1376 986 1437 Grati
1007 1379 1132 1453 prorsuis
1153 1396 1217 1436 oon·

196 1470 412 1551 jugibusque
430 1473 551 1547 juvenes
571 1470 716 1546 dommus,
731 1471 926 1531 revertemur!
969 1471 1069 1530 Liberi
1093 1472 1124 1530 in
1147 1474 1217 1532 flore

10 1635 11 1644 χ
198 1571 230 1623 ot
242 1564 339 1624 aetatis
351 1571 382 1623 et
394 1584 500 1639 rerum,
513 1572 547 1622 ut
559 1572 665 1643 potres,
680 1572 833 1645 agnoscent
842 1564 979 1645 ergastuli
994 1566 1011 1593 ¹³
1019 1566 1218 1626 detrimenta?
1285 1622 1286 1625 ,

10 1681 12 1730 i
200 1660 243 1723 lto
256 1659 275 1688 ¹⁴
283 1666 373 1743 quota
392 1678 459 1737 pers
480 1660 573 1719 nostri
585 1665 630 1717 tot
642 1660 724 1719 obire
738 1668 830 1719 terres
844 1659 960 1737 potest?
979 1658 1079 1737 procul
1093 1660 1217 1739 Europe

10 1731 11 1756 ¹
199 1754 295 1815 inult'
346 1744 490 1816 ''Orientis
503 1754 633 1833 relegati,
648 1774 738 1829 sones,
752 1754 872 1829 debiles,
893 1756 1001 1831 majore
1021 1756 1216 1815 membrorum

134 1774 442 1945 termnum
463 1850 651 1910 tolerabimus
674 1850 785 1909 scilicet
806 1870 872 1929 quse
893 1856 1020 1909 ormetos
1043 1856 1074 1909 et
1087 1852 1216 1911 victores

198 1932 417 2025 fatigaverunt?
458 1944 603 2022 Coniuges
617 1942 731 2017 deindo,
745 1964 815 2022 ques
836 1944 927 2020 captis
941 1962 1003 2003 sors
1016 1951 1046 2003 et
1058 1946 1215 2004 necessitas

198 2023 470 2108 unicumtlsolstium
491 2038 637 2116 applicuit,
651 2058 810 2117 parvosque
832 2038 938 2098 liberos
957 2036 1098 2097 trahimus
1120 2041 1215 2101 nobis·

140 2142 143 2150 '
198 2153 273 2210 cum,
295 2106 563 2224 arbgelinquimus?
617 2133 759 2193 (lumbis
782 2133 931 2194 venientes
954 2152 1036 2193 nomo
1059 2154 1215 2214 agnoscere

199 2217 284 2289 volet
326 2216 534 2307 Relinqucmus
546 2231 616 2309 ergo
626 2228 771 2306 extempld
785 2229 937 2308 presentis
947 2229 1075 2309 pignore,
1091 2233 1160 2290 culm
1174 2232 1215 2291 in·

10 2319 15 2384 l
132 2317 309 2382 Woertum
322 2318 363 2382 sit
376 2343 413 2382 au
425 2324 517 2383 visuri
530 2325 620 2383 simus
633 2344 668 2382 ea
681 2345 746 2403 ques
764 2325 912 2402 petimus?
953 2325 1035 2385 Inter
1055 2325 1109 2385 hos
1123 2325 1214 2386 luten·

199 2419 269 2480 (lum
282 2426 338 2492 est,
351 2419 401 2496 qni
413 2438 466 2476 nos
479 2419 598 2478 miseros
611 2424 696 2479 ndsse
709 2421 882 2496 oeperunt.’'

264 2516 307 2572 19.
328 2512 403 2572 Huso
417 2512 591 2590 Euthymon.
621 2513 732 2573 (lontrd
747 2513 912 2574 Theaetotus
926 2513 1116 2574 Atheniensis
1130 2533 1214 2600 orsus

198 2615 244 2666 eet
263 2606 377 2666 dicere:
399 2605 577 2665 “Neminem
600 2608 708 2685 ”pium
729 2609 831 2668 habitu
853 2609 979 2684 corporis
1004 2629 1071 2668 suos
1090 2611 1212 2669 aestimu·

200 2709 315 2779 turum,
337 2700 438 2781 utique
450 2701 564 2762 sceritid
577 2701 679 2777 hostis,
690 2721 746 2761 uon
760 2707 863 2761 nature
871 2702 1062 2782 calamitosos,
1085 2702 1212 2783 Dignum

121 2786 261 2874 *slsesse
282 2798 359 2857 omni
382 2799 467 2873 mulo,
491 2797 542 2876 qui
564 2798 742 2857 erubesceret
768 2797 903 2856 fortuita:
933 2797 1045 2856 tristem
1073 2798 1151 2856 enim
1177 2797 1212 2856 de
1250 2825 1253 2832 v

198 2895 375 2954 mortalitate
388 2895 463 2952 ferre
476 2895 658 2968 sententiam,
672 2901 702 2952 et
721 2893 872 2970 desperaro
892 2891 1125 2970 misericordiam,
1146 2894 1213 2972 quia

199 2989 262 3066 ipse
283 2989 366 3046 alteri
393 2988 584 3066 denegaturus
605 2989 652 3048 sit.
695 2988 773 3048 Deos
795 2986 882 3066 (quod
904 2987 959 3063 ipsi
983 3007 1128 3066 nunquam
1151 2988 1212 3048 susi

10 2192 14 2286 ς

10 2289 15 2317 l

202 3091 301 3159 optare
322 3083 427 3160 forent)
441 3085 542 3141 offerre
562 3084 695 3159 patriam,
720 3085 865 3162 conjuges,
888 3081 1003 3157 liberos,
1024 3090 1054 3142 et
1075 3083 1212 3162 quioquid

200 3163 329 3235 homines
341 3176 389 3234 vel
403 3177 492 3236 ¹“uite
504 3178 659 3253 aestimant,
674 3177 721 3238 vel
740 3185 831 3236 morte
851 3177 1005 3237 redimunt
1049 3179 1067 3206 ¹⁷
1075 3177 1154 3248 Quin
1168 3179 1211 3238 illi

19 3324 22 3337 ,
141 3248 237 3333 st
257 3273 311 3330 hoc
331 3289 445 3329 carcere
467 3279 664 3348 erumperent:
686 3273 776 3332 alium
797 3271 874 3331 domi
897 3291 959 3330 esse
981 3272 1044 3332 cosli
1068 3259 1210 3348 hbrstum,

200 3371 291 3430 ulium
314 3368 388 3428 lucis
415 3374 570 3444 aspectum.
626 3367 733 3443 Mores,
762 3387 851 3444 sacro,
879 3367 987 3446 lingum
1011 3370 1211 3429 commercium

80 3542 82 3547 ι
200 3468 290 3526 etiam
303 3485 320 3523 e
334 3463 473 3523 Barbaris
486 3462 594 3539 expeti,
607 3482 673 3540 quse
687 3463 706 3492 ¹⁸
715 3464 846 3543 ingenite
855 3463 1060 3542 ipsiomissuri
1080 3465 1140 3524 sint
1160 3469 1210 3524 sut

80 3549 83 3555 Δ
201 3571 318 3639 sponte:
339 3579 397 3619 non
413 3558 451 3618 ob
473 3557 553 3616 eliud
572 3564 631 3615 tom
653 3558 823 3633 calamitosi,
838 3561 925 3638 quem
945 3560 1022 3636 quod
1043 3559 1102 3618 illis
1116 3543 1210 3618 cerere
1281 3611 1286 3628 ,

201 3658 293 3716 coacti
314 3663 414 3716 essent
457 3655 495 3714 Se
516 3651 594 3712 oer'td
615 3652 777 3712 rediturum
797 3654 834 3713 ad
854 3662 971 3732 penates
985 3663 1015 3714 et
1028 3655 1058 3714 in
1079 3657 1209 3733 petriam,

25 3824 28 3833 Ι
133 3743 181 3800 fl
189 3749 336 3831 1tantoque
350 3751 485 3814 beneficio
499 3750 590 3828 Regis
601 3769 732 3809 usurum.
775 3749 808 3810 Si
821 3769 892 3830 quos
905 3749 1094 3826 contubernii,
1110 3751 1210 3812 libero-

202 3869 331 3926 rumque,
355 3867 427 3928 quos
453 3847 578 3906 servitus
599 3845 741 3924 coegisset
767 3865 928 3928 agnoscere,
954 3865 1033 3906 emor
1060 3846 1208 3922 detineret,

294 3958 322 4011 't‘

51 4042 196 4233 εὐ·
342 4043 345 4046 ’
486 4027 580 4050 “
754 4013 965 4174 ab*
