2592 4400
428 349 550 389 masa
579 348 613 389 v.
643 347 727 389 aar.
759 349 849 391 v111.
1108 336 1147 394 99

8 453 87 562 ὦ]
96 482 190 550 dente
204 487 366 549 Alexandri
380 494 577 565 occuparetur,
587 486 740 546 consilium
751 485 862 569 iterque
871 489 1004 551 mutavit.
1036 489 1149 551 Aberat

127 586 169 646 ab
183 604 217 643 eo
231 584 400 644 Alexander
414 583 509 643 stadia
521 602 573 656 un,
589 582 639 641 sed
651 584 712 658 jam
726 582 839 641 nullum
853 584 1036 645 intervallum
1050 586 1147 645 adver·

90 700 106 710 ⁵
122 682 181 740 sris
194 680 374 740 velocitatem
387 682 451 756 ejus
466 678 540 738 eatis
560 679 678 756 longum
698 677 858 739 videbatur.
921 679 1025 759 Itaque
1045 682 1147 759 praelio

120 775 411 855 magisqutmfugae
433 794 464 833 se
487 774 678 852 praeparabat.
742 773 881 852 Triginta*
898 775 991 834 millia
1013 776 1147 854 peditum

121 859 337 949 sequebantur:
358 870 389 928 in
411 869 519 947 quibus
538 868 707 929 Graecorum
730 876 813 927 erant
834 877 958 947 quatuor
977 871 1077 946 millia,
1091 872 1146 931 fide

22 956 196 1049 Gyserga
209 966 320 1045 Regem
334 965 373 1023 ad
385 965 521 1023 ultimum
534 964 652 1023 invicta.
684 962 878 1023 Funditorum
888 984 1000 1044 quoque
1015 972 1044 1023 et
1058 967 1146 1045 sagit·

121 1062 270 1121 turiurum
283 1079 386 1119 manus
398 1068 524 1139 quatuor
537 1059 631 1118 millia
652 1059 823 1137 expleverat
887 1060 1000 1120 Praeter
1017 1061 1070 1120 hos
1088 1063 1146 1121 tria

121 1158 221 1217 millia
233 1165 263 1216 et
276 1157 398 1217 trecenti
412 1157 525 1235 equites
545 1163 637 1231 erant,
651 1155 776 1215 maxime
798 1154 1026 1225 Bactrianorum.
1088 1158 1146 1218 His

121 1253 236 1313 Βοεειιε
249 1259 382 1330 praeerat,
396 1252 563 1311 Bactrianae
574 1251 701 1329 regionis
722 1250 891 1311 Praefectus
948 1249 1021 1312 (lum
1034 1252 1087 1311 hoe
1099 1273 1146 1332 ag·

121 1346 204 1407 mine
225 1348 334 1407 Darius
355 1347 473 1425 paulum
494 1346 651 1405 declinavit
664 1346 713 1404 vis
726 1346 855 1421 militari,
874 1347 965 1423 jussis
986 1348 1147 1425 praecedere

35 1442 197 1505 eronus
219 1441 489 1521 impedimentorum
501 1440 677 1501 custodibus.
740 1438 867 1501 Consilio
881 1440 984 1501 deinde
999 1443 1146 1519 advocato,

124 1531 144 1575 ‘²
153 1539 188 1600 Si
200 1558 247 1597 me
259 1557 325 1596 cnm
337 1538 477 1617 ignavis,”
491 1536 593 1614 inquit,
609 1540 667 1595 “et
680 1536 773 1614 pluris
787 1536 796 1563 ⁸
807 1535 1041 1615 qualemcumque
1056 1538 1147 1598 vitam

122 1642 220 1695 morte
232 1634 354 1693 honesta
367 1632 588 1708 aestimantibus,
602 1634 720 1691 fortune
730 1632 886 1708 junxisset,
899 1640 1022 1693 tacerem
1040 1635 1146 1711 potius,

21 1806 27 1811 ι
124 1732 234 1809 ‘quim
247 1730 360 1789 frustra
373 1729 462 1788 verba
481 1746 684 1787 consumerem.
728 1726 786 1786 Sed
806 1729 915 1803 majore
935 1730 1023 1805 quem
1043 1730 1148 1789 vellem

125 1814 309 1899 documento,
323 1831 354 1883 et
366 1824 508 1885 virtutem
521 1831 649 1882 vestram
662 1831 691 1881 et
701 1821 786 1881 fidem
797 1828 944 1899 expertus,
954 1822 1046 1901 magis
1060 1825 1147 1883 etiam

39 1897 239 2007 {essenus
262 1919 361 1994 debeo,
375 1925 410 1977 uc
423 1918 529 1997 signa
542 1917 652 1977 susus
665 1915 766 1974 amisa
780 1916 843 1991 um,
857 1918 945 1995 quem
958 1916 1092 1977 subitas
1111 1937 1148 1977 an

125 2015 220 2076 vestri
233 2014 342 2075 similes
355 2013 449 2072 adhrm
462 2012 536 2072 sitis.
598 2011 648 2070 Ex
661 2018 705 2070 tot
718 2010 857 2079 millibus,
872 2031 938 2089 quae
953 2010 1007 2072 sub
1026 2011 1147 2089 imperio

125 2111 246 2171 fuerunt
265 2128 337 2184 meo,
361 2107 409 2169 bis
430 2126 476 2165 me
502 2107 620 2181 victum,
642 2106 688 2167 bis
715 2104 873 2183 fugientem
900 2107 1045 2185 persecuti
1068 2107 1146 2169 estis.

126 2206 221 2268 Fides
231 2214 337 2280 vestra,
351 2211 381 2262 et
393 2203 565 2278 constantia,
585 2210 620 2261 ut
643 2203 756 2282 Regem
777 2221 823 2262 me
844 2221 908 2262 esse
930 2203 1054 2280 credam,
1068 2203 1146 2265 facit

128 2303 301 2363 Proditores
322 2308 352 2359 et
371 2300 516 2378 tranfugae
535 2298 567 2357 in
586 2298 707 2359 urbibus
720 2297 792 2357 meis
813 2305 942 2378 regnent,
955 2319 1012 2358 uon
1030 2299 1148 2360 hercule

55 2384 103 2482 (y
108 2398 199 2479 aquia
212 2403 295 2456 tanto
307 2396 413 2454 honore
426 2395 510 2473 digni
522 2394 694 2467 habeantur,
708 2393 759 2452 sed
770 2394 942 2472 ut'praemiis
953 2414 1051 2454 eorum
1059 2394 1150 2456 vestri

128 2492 325 2579 sollicitentpr
338 2490 435 2550 animi
478 2489 576 2549 Meam
588 2495 687 2548 tamen
700 2489 846 2548 fortunam
858 2491 946 2568 quem
960 2489 1078 2550 victoris
1091 2510 1149 2548 ma·
1171 2546 1181 2558 ,

129 2588 231 2648 luistis
244 2586 324 2665 sequi
339 2606 347 2647 t
369 2585 530 2664 dignissimi
544 2585 657 2663 quibus,
672 2584 697 2644 si
711 2604 764 2665 ego
777 2604 833 2644 non
847 2585 961 2662 possim,
976 2585 1026 2644 Dii
1039 2605 1090 2664 pro
1104 2603 1149 2644 me

130 2683 255 2765 gratiam
266 2683 411 2742 referant:
433 2688 462 2740 et
474 2681 639 2740 mehercule
653 2681 788 2740 referent
820 2680 911 2738 Nulla
918 2680 975 2740 erit
989 2688 1048 2740 tam
1063 2681 1150 2740 surda

130 2779 296 2859 posteritas,
310 2778 392 2835 nulla
405 2783 465 2834 tam
477 2776 593 2856 ingrata
604 2777 690 2851 fama,
701 2789 767 2855 qu'ae
779 2795 837 2834 nen
851 2775 881 2833 in
894 2775 998 2834 coelum
1008 2795 1059 2836 vos
1073 2775 1150 2835 debi-

55 2861 174 2964 07Jtis
194 2873 331 2933 laudibus
354 2873 435 2932 ferat.
498 2871 611 2950 Itaque,
633 2870 748 2929 etiamsi
769 2870 921 2929 consilium
941 2869 1028 2950 fugae,
1051 2890 1068 2929 a
1092 2875 1151 2950 qut

132 2969 264 3029 multum
277 2967 412 3027 abherret
425 2967 550 3041 animus,
565 2966 733 3045 agitassem,
748 2971 846 3025 vestre
862 2974 957 3024 tarum
971 2965 1079 3026 virtute
1094 2967 1150 3024 fre·

135 3073 193 3140 tus,
207 3064 322 3124 obviam
336 3068 424 3122 issem
437 3062 522 3123 hosti
565 3062 721 3138 Quousque
735 3060 812 3120 enim
831 3061 862 3118 in
875 3079 963 3140 regno
977 3061 1108 3137 exulabo,
1122 3067 1152 3120 et

60 3193 66 3200 ·
134 3181 187 3242 per
199 3160 271 3217 fines
283 3158 397 3236 imperii
410 3157 469 3216 mei
480 3156 591 3236 fugiam
601 3162 752 3214 externum
762 3163 792 3214 et
805 3155 944 3216 advenam
958 3157 1077 3236 Regem,
1087 3161 1153 3215 cum

134 3257 225 3316 liceat
238 3255 373 3330 ‘experto
387 3252 457 3312 belli
470 3253 626 3325 fortunam,
637 3258 689 3309 aut
703 3271 836 3328 reparare
857 3271 922 3331 quae
932 3240 1025 3326 amisi,
1036 3260 1086 3312 eut
1105 3252 1153 3310 ho·

14 3396 18 3420 ,
47 3352 122 3450 Jru
135 3355 221 3431 nestt
242 3356 335 3407 morte
356 3346 497 3426 defungi?
516 3346 573 3405 uisi
586 3346 662 3406 forte
679 3347 771 3406 satius
792 3355 837 3406 est
857 3354 1021 3425 exspectare
1035 3346 1154 3406 victoris

137 3447 301 3519 arbitrium,
315 3451 346 3501 et
359 3442 472 3517 Mazaei,
487 3451 517 3500 et
531 3441 689 3501 Mithrenis
702 3443 831 3518 exemplo
852 3443 1013 3521 precarium
1027 3441 1155 3518 accipere

138 3561 259 3622 regnum
280 3538 409 3597 nationis
428 3539 531 3613 unius,
553 3537 606 3595 ‘ut
627 3539 688 3613 jam
702 3536 785 3595 malit
798 3537 848 3596 ille
861 3529 962 3616 gloriae
975 3556 1044 3609 suae,
1058 3524 1156 3614 quain,

139 3641 192 3699 irae
203 3635 331 3713 obsequi.
380 3632 443 3692 Nec
456 3632 507 3691 Dii
521 3633 651 3707 siverint,
665 3639 699 3690 ut
712 3631 784 3690 ⁷hoc
805 3632 891 3690 decus
906 3630 963 3689 mei
984 3631 1085 3707 capitis
1106 3637 1158 3688 aut

140 3736 255 3793 demere
269 3729 342 3788 mihi
354 3729 514 3807 quisquam,
528 3735 578 3785 aut
598 3727 757 3786 condonare
777 3726 897 3803 ⁸p0ssit.
959 3724 987 3782 N
990 3745 1020 3784 ee
1040 3725 1094 3783 heo
1107 3725 1158 3784 im·

71 3829 253 3922 jasperinm
265 3826 351 3886 uuus
371 3823 513 3898 amittam,
527 3823 660 3901 idemque
675 3822 731 3880 erit
753 3821 835 3899 regni
848 3820 905 3880 mei
924 3819 975 3898 qui
990 3827 1020 3880 et
1033 3820 1157 3898 spiritus

861 3996 1092 4154 562qu
