2592 4400
457 421 579 462 ursan
607 422 641 461 v.
672 421 758 462 car.
790 424 814 463 1.
1102 411 1138 468 81

119 566 224 620 mente
246 559 339 640 regni,
364 579 480 620 eausam
502 558 582 637 belli,
606 559 744 620 vietorem
764 568 976 639 oeeupaturum.
1026 563 1070 622 At
1090 563 1140 624 ille

118 655 226 714 dooere
239 656 342 734 pergit,
357 674 414 714 non
427 657 436 683 ³
449 654 577 731 speeioso
597 655 685 730 diotu,
699 656 750 715 sed
770 677 825 715 usu
837 659 999 718 necessarie
1011 659 1042 716 in
1055 653 1139 720 rebus

24 747 253 820 -25adyersis
267 749 408 828 sequenda
422 767 493 809 esse.
535 749 625 808 Ferro
638 750 700 828 geri
714 750 799 826 bella,
809 771 867 810 non
880 773 964 830 aur03
986 754 1066 829 viris,
1080 774 1138 813 non

118 845 239 905 urbium
253 845 359 906 teotis:
380 844 496 904 ⁶omnia
517 844 599 922 sequi
619 852 754 904 armaten
797 846 846 905 sio
859 849 983 924 majores
997 868 1062 907 snos
1075 869 1137 926 per·

118 941 217 1001 euleos
239 940 270 998 in
294 940 434 1018 principio
455 959 559 1013 rerum,
583 938 715 998 celeriter
736 941 888 1017 pristinem
910 949 1059 1020 repartsse
1081 945 1137 1004 for·

117 1044 231 1095 tunam.
273 1035 372 1114 Igitur
394 1035 454 1094 sive
478 1035 650 1094 oonfirmatis
663 1053 762 1094 eorum
782 1036 894 1112 animis,
908 1038 969 1097 sive
983 1038 1135 1116 imperium

116 1121 224 1209 magis,
238 1131 327 1208 quem
340 1130 490 1190 eonsilium
504 1130 701 1208 sequentibus,
716 1130 822 1190 Mediae
840 1133 910 1190 fines
923 1133 1069 1212 ingressus
1083 1144 1134 1196 est
1249 1134 1251 1138 ’

56 1218 107 1291 30
184 1231 210 1285 2.
232 1225 326 1286 Paulo
339 1232 404 1303 post
417 1224 586 1284 Alexandro
600 1223 710 1284 Arbela
729 1225 893 1301 traduntur,
908 1228 988 1307 regit
1001 1229 1134 1305 supellee-

116 1320 177 1395 tili,
199 1320 309 1399 ditique
332 1324 404 1398 geret
426 1319 545 1396 replete.
587 1317 720 1389 Quatuor
745 1319 841 1378 millia
865 1320 1009 1380 talentttm
1034 1323 1134 1382 fuere:

116 1422 210 1494 praete
226 1418 261 1474 et
274 1415 408 1492 pretiosae
421 1421 524 1488 vestes,
536 1414 626 1472 totius
636 1414 682 1489 (ut
695 1416 782 1492 supra
795 1415 905 1474 dietum
918 1420 974 1496 est)
988 1418 1135 1477 exereitus

116 1512 188 1590 opib
236 1511 266 1568 in
280 1511 361 1568 illam
375 1509 473 1568 sedem
487 1511 637 1588 congestis.
681 1509 886 1588 Ingruentibus
899 1511 1003 1571 deinde
1017 1514 1134 1587 morbis,
1196 1566 1199 1569 x

115 1595 193 1686 quos¹
225 1604 295 1664 odor
327 1604 497 1665 cadaverum
528 1603 600 1662 totis
631 1605 790 1680 jacentium
824 1606 932 1683 eampis
957 1607 1134 1687 vulgaverat,
1199 1660 1208 1688 ι

40 1693 265 1773 eo'maturios
291 1707 389 1758 eastra
414 1698 512 1758 movit.
566 1698 730 1760 ⁹Euntibus
762 1719 780 1757 e
805 1707 888 1777 parte
914 1701 989 1762 lsevt
1015 1702 1134 1777 Arabia,

115 1765 240 1856 odor'ffin
253 1794 405 1853 fertilitate
426 1792 532 1853 nobilis
552 1793 641 1872 regio,
665 1795 852 1871 ¹⁰eampestre
872 1795 936 1869 iter,
957 1803 1011 1855 est.
1051 1796 1136 1855 Inter

117 1890 225 1967 Tigrin
238 1897 268 1948 et
282 1888 463 1966 Euphratem
476 1891 493 1917 ¹¹
505 1889 632 1965 jaeentie
645 1894 707 1946 tam
718 1889 810 1963 uberi,
823 1895 854 1946 et
867 1889 968 1968 pingui
983 1889 1043 1948 solo
1057 1896 1134 1965 sunt,

10 1975 13 1981 Δ
118 1992 156 2046 ut
168 2005 187 2044 a
199 1993 286 2063 pastu
299 1985 402 2062 repelli
415 2003 516 2062 peoora
531 1983 673 2058 dieantur,
686 2003 722 2041 ne
735 1983 856 2042 satiatos
869 1983 998 2061 perimet.
1041 1984 1135 2045 (lausa

116 2080 286 2140 fertilitatis
310 2086 354 2140 est
375 2079 486 2153 humor,
500 2078 550 2158 qui
571 2097 607 2136 ex
626 2084 749 2156 utroque
763 2095 846 2136 amne
859 2084 974 2155 manat3
997 2085 1060 2137 toto
1073 2080 1134 2138 fere

40 2173 92 2262 qo
117 2176 183 2261 solo
216 2181 332 2254 propter
364 2193 450 2235 venas
484 2192 622 2252 aqnamm
655 2173 816 2233 resudante.
863 2172 934 2251 ‚Ipsi
967 2193 1064 2233 amnes
1098 2194 1135 2234 ex
1194 2162 1198 2169 ’

117 2271 269 2333 Armeniae
295 2270 441 2331 montibus
470 2270 623 2347 profluunt,
648 2288 682 2327 so
709 2269 838 2347 ¹²magno
866 2268 969 2329 deinde
996 2290 1135 2349 equarum

116 2367 243 2427 divortio
257 2367 321 2441 iter,
336 2366 411 2445 quod
431 2371 586 2443 coeperunt,
601 2371 781 2442 pereurrant.
823 2364 889 2423 Duo
907 2365 1000 2424 millia
1012 2374 1043 2424 et
1055 2355 1134 2445 qnin-

65 2492 70 2501 ·
116 2470 207 2543 genta
221 2462 314 2522 stadia
327 2461 434 2521 emensi
449 2467 526 2535 sunt,
542 2460 618 2538 equi
642 2459 850 2537 amplissimum
863 2459 1046 2521 intervallum
1059 2462 1135 2521 eirea

117 2559 269 2619 Armeniee
292 2563 404 2615 montes
426 2562 606 2615 notaverunt.
648 2553 743 2613 Iidem
765 2556 833 2611 erim
858 2555 994 2615 l‘Mediee
1014 2563 1044 2614 et
1064 2556 1135 2616 Gor·
1231 2598 1235 2610 ,

52 2652 271 2728 qe‘dianorum
285 2656 378 2710 terres
392 2669 489 2710 secare
503 2656 659 2727 coeperunt,
673 2648 813 2725 paulatim
825 2648 857 2706 in
870 2649 889 2676 ¹⁵
898 2650 1008 2708 aretius
1020 2656 1134 2725 meunt,

117 2754 152 2807 et
164 2746 186 2775 ¹⁸
195 2750 252 2824 quo
266 2744 378 2825 longiis
392 2751 517 2819 manant,
538 2745 593 2802 hoe
607 2743 758 2822 angustius
778 2744 855 2801 inter
868 2760 900 2801 se
912 2743 1037 2822 spatium
1050 2751 1136 2805 terrm

118 2841 295 2919 relinquunt.
351 2838 451 2899 Vicini
475 2838 608 2917 ,manne
636 2843 704 2897 sunt
729 2837 761 2894 in
785 2836 903 2913 eampis,
930 2856 1001 2915 quos
1034 2839 1136 2899 ineolae

123 2934 373 3011 Mesopotamiam
387 2932 551 3011 appellant:
581 2932 706 2991 mediam
718 2950 840 3009 namque
861 2930 897 2990 ab
910 2938 1031 3010 utroque
1045 2932 1135 2992 latere

121 3014 302 3091 eoboludunt.
345 3031 364 3058 ²⁷
372 3029 468 3087 Iidem
491 3046 541 3105 per
555 3026 780 3105 Babyloniorum
791 3026 863 3083 fines
876 3026 907 3083 in
920 3026 1039 3087 rubrum
1053 3026 1136 3088 Mare

49 3128 105 3208 fl
120 3130 320 3205 prorumpunt.
372 3121 539 3181 Alexander
561 3119 673 3199 quartis
698 3119 804 3179 eastris
830 3120 868 3179 ud
895 3120 1017 3179 Mennin
1035 3123 1136 3183 urbem

121 3218 262 3300 pervenit.
305 3215 435 3277 (laverna
447 3216 488 3278 ibi
501 3224 565 3275 est:
586 3236 622 3273 ex
634 3218 693 3294 qut
706 3215 771 3273 fons
790 3215 937 3294 ingentem
950 3215 1009 3275 vim
1023 3216 1136 3277 bitumi-

121 3315 171 3375 nis
184 3312 323 3390 effundit,
345 3312 428 3387 adeo,
442 3318 475 3370 ut
489 3311 560 3371 setis
574 3317 693 3384 eonstet,
714 3309 891 3388 Babylonios
903 3330 1001 3371 muros
1015 3311 1138 3390 1⁸ingen-

122 3412 165 3471 tis
178 3409 283 3487 operis,
298 3407 386 3485 hujus
399 3408 488 3467 fontis
501 3406 642 3468 bitumine
655 3404 801 3465 interlitos
812 3405 911 3466 fuisse

160 3509 212 3581 ‚3.
236 3503 380 3564 Oaetertm
410 3501 590 3581 Babylonem
611 3499 780 3579 procedenti
806 3499 973 3560 Alexandro
1001 3498 1138 3575 Manaeus,
1197 3548 1205 3567 .,

45 3584 174 3682 [ίᾳιιί
201 3620 238 3659 ex
261 3599 321 3658 aeis
342 3598 373 3655 in
397 3598 498 3657 urbem
523 3616 586 3655 earn
610 3596 785 3673 ooufugerat,
812 3614 877 3653 enm
903 3594 1014 3654 adultis
1039 3595 1140 3655 liberis

125 3696 247 3774 supplex
260 3693 394 3768 oeourrit,
408 3693 519 3766 urbem,
545 3710 629 3769 seque
643 3689 758 3748 dedens.
800 3688 910 3749 Gratus
923 3688 1064 3749 adventus
1077 3692 1140 3767 ejus

65 3780 71 3793 ⁸
124 3793 182 3851 fuit
209 3790 305 3869 Regi:
339 3788 444 3867 quippe
469 3787 568 3866 magni
596 3785 692 3863 operis
723 3785 824 3843 future
850 3790 914 3843 erat
940 3783 1054 3843 obsidio
1080 3792 1142 3843 tam

125 3885 248 3947 munitm
259 3884 348 3945 urbis.
376 3883 425 3942 Ad
440 3883 493 3941 hoe
505 3882 552 3941 vir
565 3881 699 3953 illustris,
712 3886 742 3937 et
755 3881 774 3909 ¹⁸
782 3898 869 3938 menn
880 3884 1041 3957 promptus,
1053 3880 1142 3939 foret·
