2592 4400
370 376 493 417 urana
515 376 587 418 vu.
615 376 701 417 oar.
731 377 822 417 vr11.
981 379 987 385 ’
1048 360 1104 421 167

84 514 213 584 dumad
237 533 373 573 oaennson
397 477 548 593 pervariis
567 514 728 588 mutandis,
749 534 814 575 oum
835 516 907 595 ipsis
920 516 1016 591 rantis,
1030 534 1103 596 quos

84 610 350 688 eomprehenderis,
377 610 503 669 deoidas.
561 611 580 639 ¹⁵
592 610 655 669 Leo
688 630 802 690 qnoque
835 612 991 697 aliquando
1019 612 1102 671 mini·

84 724 199 765 marum
226 703 323 772 arium
356 704 494 781 pabulum
525 704 592 778 fnit,
620 711 652 763 et
678 704 786 765 ferrum
819 706 922 785 rubigo
951 706 1101 783 consumit.

85 798 173 857 Nihil
196 805 294 857 tamen
316 798 431 857 firmum
444 805 498 873 est,
512 798 560 857 oui
583 798 746 877 perieulum
765 819 822 858 non
843 799 990 867 sitatiam
1003 800 1040 861 ab
1060 801 1099 859 in·

83 893 213 953 valido.’'

143 986 255 1057 “Quid
278 987 363 1048 uobis
386 994 482 1047 tenum
505 987 576 1047 est?
596 988 745 1065 nunqnam
769 994 876 1047 terram
900 995 980 1047 tuam
1004 989 1098 1068 attigi·
1159 1039 1164 1048 .

84 1102 159 1139 mus.
203 1081 262 1151 Qui
277 1082 327 1156 sis,
337 1081 415 1141 unde
429 1082 537 1155 venias,
552 1082 570 1110 ¹⁸
580 1082 686 1141 lioetne
707 1080 838 1161 ignorare
859 1083 889 1141 in
902 1084 994 1145 vastis
1008 1083 1099 1161 sylvis

82 1175 278 1236 viventibus?
297 1194 351 1235 neo
364 1176 472 1236 serviro
485 1176 540 1235 nlli
560 1196 730 1254 possumus,
752 1196 805 1237 neo
829 1178 969 1255 imperare
989 1177 1097 1237 deside·
1185 1197 1189 1207 ·

83 1290 192 1329 ramus.
248 1270 334 1329 Dona
364 1271 448 1329 nobis
476 1271 578 1329 ¹‘dota
604 1278 682 1341 sunt,
709 1291 746 1330 ne
774 1271 949 1349 Scytharum
981 1280 1098 1352 gentem

82 1366 220 1445 ignores;
237 1368 340 1444 jugum
354 1365 451 1440 boum,
465 1373 603 1440 aratrum,
617 1366 710 1441 hasta,
725 1367 840 1446 sagitta,
855 1374 886 1426 et
898 1374 1007 1444 patera.
1039 1367 1097 1427 His

81 1462 197 1519 utimur
221 1480 287 1519 eum
314 1461 424 1534 amieis,
451 1468 483 1520 et
506 1461 643 1521 advorsus
667 1462 807 1521 inimicos.
860 1462 971 1540 Fruges
999 1463 1097 1523 amieis

81 1556 198 1629 damus,
223 1555 312 1616 boum
335 1554 433 1615 laboro
456 1556 613 1633 quesitas:
645 1561 747 1635 patera
774 1576 839 1615 oum
867 1558 970 1617 iisdem
998 1558 1098 1617 vinum

82 1650 152 1709 Diis
173 1650 319 1709 libemus:
342 1651 475 1710 inimioos
496 1652 606 1729 sagitta
626 1651 760 1723 eminrls,
772 1652 857 1709 hastt
877 1653 1005 1711 eominus
1025 1653 1097 1729 peti·

81 1764 157 1805 mus.
211 1744 262 1804 Sio
276 1744 371 1823 Syriae
391 1745 513 1824 Regem,
526 1752 557 1803 at
579 1753 680 1822 postea
702 1746 866 1819 Persarum,
888 1746 1098 1824 Medorumque

83 1840 296 1919 superavimus,
316 1840 470 1917 patuitque
491 1839 576 1898 nobis
599 1840 657 1898 iter
680 1858 772 1918 usqne
796 1840 827 1897 in
842 1839 1012 1917 AElgyptum.
1055 1842 1099 1899 At

83 1942 127 2008 tu,
140 1934 195 2013 qui
209 1942 240 1992 te
252 1934 388 2012 gloriaris
412 1934 449 1991 ad
471 1934 600 1993 latrones
620 1934 834 2013 persequendos
849 1952 955 2009 venrre,
969 1934 1097 1993 omnium

82 2030 227 2109 gentium,
241 2048 314 2108 quas
327 2029 426 2103 adimi,
440 2028 516 2087 latro
530 2047 569 2087 es.
611 2028 737 2105 Lydiam
757 2028 869 2105 cepisti,
891 2027 1005 2105 Syriam
1019 2047 1097 2087 ooou·

83 2125 174 2202 pasti,
196 2124 348 2183 Persidem
367 2132 458 2199 tenes,
473 2123 646 2181 Bactrianos
668 2123 756 2183 habes
778 2122 808 2181 in
831 2130 985 2202 potestate,
1007 2123 1098 2183 Indos

84 2220 207 2297 petisti;
226 2221 289 2295 jam
313 2219 401 2278 etiam
424 2219 463 2278 ad
486 2237 590 2297 peoora
612 2225 714 2278 nostra
738 2238 839 2278 avaras
862 2226 892 2278 et
917 2219 1099 2278 insatiabiles

83 2333 188 2372 manns
201 2313 352 2390 porrigis.’'

144 2412 164 2482 ‘f
176 2406 256 2478 Quid
270 2407 326 2465 tibi
339 2405 451 2466 divitiis
465 2425 538 2483 opus
551 2413 676 2484 estqoae
692 2414 721 2465 ts
735 2406 844 2466 esurire
857 2405 990 2485 cogunt?
1031 2406 1097 2466 Pri·
1147 2407 1151 2416 '

83 2523 150 2563 mus
164 2501 295 2561 omnium
319 2501 453 2560 satietate
477 2502 587 2579 parasti
600 2501 718 2575 famem,
733 2509 767 2561 ut
787 2503 845 2580 qud
865 2500 950 2580 plura
968 2501 1098 2576 haberes,

83 2599 189 2672 aerius,
202 2617 270 2676 qnae
283 2615 340 2655 non
365 2595 463 2669 habes,
478 2616 606 2674 cuperes.
650 2597 669 2625 ¹⁸
680 2596 748 2656 Non
768 2597 912 2655 snoourrit
933 2596 996 2670 tibi,
1009 2598 1098 2674 quim

83 2694 144 2752 diu·
161 2693 273 2752 eirodm
296 2691 406 2750 Baetra
429 2690 564 2750 haereas?
618 2691 696 2749 Dum
725 2690 790 2748 illos
816 2689 936 2768 subigis,
961 2688 1099 2766 Sogdiani

81 2788 195 2851 bellare
215 2792 371 2863 oeperunt
422 2785 538 2845 Bellum
564 2785 619 2846 tibi
638 2806 676 2844 ex
695 2784 816 2845 viatoria
836 2783 971 2844 naseitur.
1023 2782 1099 2842 Nam

84 2885 148 2941 '‘ut
167 2882 259 2957 major
278 2880 435 2958 fortiorque
455 2880 497 2940 sis
509 2882 596 2959 qnam
608 2880 775 2959 quisqubm;
798 2887 895 2936 tamen
914 2877 1100 2956 alienigenam

82 2977 235 3038 dominum
254 2975 316 3052 pati
335 2994 418 3034 nemo
437 2974 509 3034 vult
551 2974 655 3034 Transi
669 2974 755 3033 modo
770 2973 906 3050 Tanaim,
929 2971 1002 3032 seies
1014 2992 1100 3051 quam

82 3072 144 3132 late
158 3073 177 3100 ¹²
185 3075 312 3148 pateant,
325 3071 473 3149 uuuqntm
488 3076 584 3128 taum
601 3069 782 3147 oonsoqueris
803 3067 932 3146 Scythas.
974 3067 1100 3146 Pauper·

83 3175 130 3226 tas
154 3171 256 3226 nostra
268 3163 391 3224 velocior
403 3163 469 3239 erit,
482 3165 569 3243 qnam
588 3164 733 3224 exereitus
753 3170 830 3238 tuus,
844 3162 894 3242 qui
916 3163 1042 3241 praedam
1056 3170 1101 3222 tot

83 3262 235 3320 nationum
247 3259 335 3320 vehit
377 3258 492 3318 Rursus
505 3260 572 3318 edm
581 3259 682 3336 prooul
695 3259 796 3318 abesse
809 3277 860 3318 nos
870 3259 978 3333 eredes,
989 3258 1101 3319 videbis

84 3358 115 3416 in
127 3355 191 3414 tuis
203 3353 323 3430 eastris3
344 3353 447 3413 eadem
459 3352 536 3412 euim
549 3353 703 3414 veloeitate
717 3360 747 3412 et
760 3353 913 3432 sequimur,
923 3359 953 3412 et
965 3353 1099 3431 fugimus.

86 3450 264 3530 Soytharum
282 3448 456 3508 solitudines
470 3448 581 3510 Graeeis
599 3448 686 3508 etiam
706 3447 867 3526 proverbiis
884 3447 969 3508 audio
986 3445 1099 3508 ¹⁸eludi.

86 3549 129 3606 At
142 3563 196 3606 noe
209 3543 325 3604 deserta
337 3550 369 3604 et
388 3543 513 3602 humano
533 3543 616 3602 onltn
633 3562 733 3618 vanua,
747 3543 840 3622 magis
859 3544 947 3621 quam
966 3540 1052 3600 urbes
1071 3547 1101 3599 et

86 3641 239 3720 opulentos
251 3658 336 3717 agros
351 3640 370 3667 ¹⁰
377 3638 549 3718 sequimur.‘’

147 3738 164 3768 “
177 3726 307 3794 Proinde
329 3733 474 3792 fortunam
495 3738 575 3790 tuam
596 3731 703 3808 pressis
728 3731 861 3790 manibus
883 3736 965 3788 tene:
993 3727 1101 3788 lubrica

88 3837 140 3903 est,
165 3848 218 3888 neo
246 3827 339 3888 invita
365 3827 453 3886 teneri
479 3827 623 3905 potera*
654 3825 776 3886 Salubre
798 3823 947 3884 eonsilium
972 3842 1100 3902 sequens,
