2592 4400
896 307 913 339 0

149 361 188 418 36
497 377 633 428 oururr
661 379 802 420 oraru

149 515 270 590 Pelusii,
287 513 447 591 Merdphim
460 517 557 593 copies
571 517 731 594 promovit:
753 515 790 576 ad
803 520 887 595 cujus
896 515 1000 576 famam
1011 516 1156 596 AEgyptii,

147 630 222 669 vena
244 628 325 686 gens,
341 617 370 667 et
383 610 523 669 novandis
547 613 634 688 quam
658 611 791 690 gerendis
814 611 909 689 aptior
929 611 1024 685 rebus,
1039 632 1076 671 ex
1095 613 1157 683 usis

148 703 270 783 quisque
285 705 356 788 vicis
380 704 557 784 urbibusque
570 705 590 734 ⁴⁶
599 705 650 783 [ad
663 705 718 764 hoo
737 705 847 782 ipsum]
861 713 1043 780 concurrunt,
1058 706 1094 764 ad
1109 708 1156 766 de·

72 811 132 864 m
148 799 235 858 lenda
254 799 390 877 praesidia
410 798 583 858 Persarum:
605 800 657 879 qui
670 799 886 873 territittamea
907 819 987 877 spem
1010 801 1157 859 retinendi

149 892 314 972 AEgyptum
334 913 390 952 non
405 895 571 952 amiserunt.
615 893 674 954 Sed
694 913 744 953 eos
758 894 913 971 Amyntas,
927 895 1028 972 praelio
1041 915 1155 972 supera·

23 991 26 998 '
147 995 202 1062 tos,
216 989 246 1046 in
260 989 361 1049 urbem
376 989 532 1066 compellit,
545 989 564 1018 ⁴¹
574 990 735 1068 castrisque
754 989 865 1065 positis,
879 989 1003 1048 victores
1015 990 1053 1048 ad
1067 1011 1155 1068 popu-

129 1127 132 1134 .
146 1082 349 1160 landcsagros,
359 1084 478 1142 velutin
487 1084 581 1143 medio
590 1083 694 1160 positis
701 1065 829 1142 boitium
838 1084 1153 1162 cunctiqsagabantur.

148 1177 251 1256 Itaque
277 1178 417 1260 Mazaces,
442 1179 607 1256 quanquam
634 1177 744 1236 infelici
770 1176 871 1255 praelio
897 1197 1016 1237 suorum
1043 1163 1155 1238 animes

75 1273 263 1340 sss-territos
284 1292 347 1330 esse
367 1281 547 1349 cognoverat,
562 1280 658 1330 tamen
678 1273 808 1350 palantes
826 1279 856 1330 et
868 1271 1028 1334 “victoriae
1047 1275 1155 1333 fiducia

146 1367 279 1426 indentes
299 1374 455 1440 ostentans,
469 1367 607 1444 perpulit,
621 1387 658 1426 ne
672 1367 840 1427 dubitarent
853 1387 890 1426 ex
903 1369 974 1428 urbe
994 1389 1153 1446 erumpere,

147 1469 177 1521 et
190 1481 238 1550 ras
252 1462 372 1521 amissas
392 1482 569 1540 recuperare.
612 1463 651 1521 Id
664 1462 817 1522 consilium
830 1483 887 1520 non
899 1463 1012 1522 ratione
1032 1465 1152 1541 pruden-

148 1558 217 1631 tius,¹
230 1558 318 1635 quam
339 1571 443 1616 eventu
462 1557 574 1616 felicius
594 1557 661 1616 luit.
705 1557 755 1615 Ad
769 1577 859 1616 unum
883 1577 980 1617 omnes
1003 1579 1069 1617 cum
1089 1559 1151 1636 ipso

146 1637 222 1710 duce
243 1652 331 1710 occisi
355 1658 430 1710 sunt.
475 1653 540 1710 Has
559 1671 659 1729 poenas
673 1653 819 1730 Amyntas
837 1653 957 1731 utrique
971 1653 1048 1732 Regi
1062 1654 1152 1727 dedit,

70 1746 332 1834 *saluihilomegis
345 1746 364 1774 ⁴²
373 1746 401 1805 ei
414 1747 451 1805 ad
467 1767 554 1826 quem
579 1747 774 1824 transfugerat
796 1747 879 1822 lidus,
893 1749 980 1826 qudm
1001 1748 1054 1822 illi,
1068 1768 1152 1828 quem

144 1843 321 1902 deseruerat.

205 1942 232 1997 6.
254 1937 338 1996 Darii
362 1937 516 2012 Praetores,
543 1937 593 2015 qui
615 1936 717 2014 praelio
743 1936 819 2014 apud
842 1935 926 1996 Issou
946 1937 1151 2014 superfuerant,

144 2051 209 2091 cum
233 2032 310 2096 omni
332 2052 425 2106 manu,
439 2052 503 2110 quae
515 2031 661 2110 fugiendas
684 2037 782 2090 secuta
803 2037 876 2105 erat,
897 2036 1043 2108 assumpte
1066 2033 1152 2090 etiam

147 2125 350 2206 Cappadocum
363 2133 398 2188 ,et
424 2125 641 2205 Paphlagonum
659 2127 822 2203 juventute,
843 2125 966 2210 Lydiam
988 2125 1153 2205 recuperare

80 2219 304 2282 lsrtentsbant.
354 2221 519 2299 Antigonus
543 2220 658 2279 Praetor
684 2220 845 2279 Alexandri
877 2220 981 2298 Lydiae
1013 2232 1151 2299 praeerat:

144 2316 204 2395 qui,
218 2335 378 2395 quanquam
391 2314 540 2392 plerosque
553 2314 679 2373 militum
692 2334 728 2373 ex
740 2314 883 2392 presidiis
896 2315 934 2373 ad
947 2316 1057 2395 Regem
1071 2317 1153 2375 dimi·

145 2417 231 2485 serat,
246 2417 343 2468 temen
366 2409 505 2503 Barbarie
528 2409 632 2485 spretis
652 2410 683 2468 in
702 2410 794 2468 aciem
814 2429 881 2469 suos
895 2395 1002 2471 eduxit.
1044 2410 1153 2469 Eadem

144 2506 206 2565 illio
219 2523 330 2583 quoque
343 2504 458 2563 fortuna
480 2504 607 2580 partium
626 2504 693 2562 fuit.
736 2504 842 2562 Tribus
865 2504 973 2582 prmliis
992 2505 1052 2564 alia
1065 2513 1153 2583 etque

144 2599 202 2658 alib
216 2593 341 2677 'regione
364 2595 531 2671 commissis,
555 2597 654 2657 Persae
676 2598 841 2660 funduntur.
892 2597 1002 2674 Epdem
1025 2606 1153 2677 tempore

73 2694 243 2767 molossis
266 2691 454 2752 Macedonum
469 2712 512 2751 ex
534 2690 650 2751 Graecia
672 2692 1017 2767 accita‚fAristomenern,
1043 2694 1095 2771 qui
1115 2694 1152 2752 ad

146 2788 329 2866 Hellesponti
353 2808 432 2847 oram
455 2786 678 2863 recuperandam
697 2806 714 2845 a
734 2786 822 2844 Dario
843 2793 904 2851 eret
926 2785 1048 2861 missus,
1060 2789 1153 2865 captis

145 2886 207 2961 ejus
221 2890 270 2943 aut
284 2883 421 2943 demersis
442 2882 573 2955 navibus,
589 2888 713 2959 superat.
763 2881 794 2938 A
807 2872 932 2940 Milesiis
944 2881 1048 2939 deinde
1063 2882 1152 2942 Phar·

143 2978 269 3038 nabaaus
293 2978 473 3054 “praefectus
496 2976 622 3037 Persicas
644 2962 878 3055 classispbcunie
900 2980 1011 3051 exacti,
1033 2985 1062 3035 et
1082 2998 1153 3055 pras

145 3058 219 3133 sidib
240 3073 270 3130 in
290 3071 389 3131 urbem
418 3071 524 3132 Chium
545 3065 848 3169 introductoste'ntum
866 3070 986 3130 naribus
1008 3072 1151 3149 Andrum,
1277 3111 1282 3120 ·

54 3186 55 3191 ¹
93 3162 175 3241 solet
189 3166 254 3225 inde
270 3165 417 3245 Syphnum
430 3164 534 3243 petiit:
556 3183 604 3222 eas
617 3172 728 3242 quoque
749 3164 858 3222 insulas
870 3165 1013 3241 presidiis
1025 3174 1159 3244 occupat,¹
1257 3231 1265 3249 ⁴

144 3254 267 3341 pecunia
293 3258 420 3319 mulctat.
471 3258 648 3337 Magnitudo
667 3258 736 3317 belli
761 3258 839 3336 quod
865 3258 903 3318 ab
924 3258 1153 3336 opulentissimis

145 3342 270 3434 Europae
286 3354 419 3432 Asiaeque
437 3353 551 3434 regibus
570 3353 601 3410 in
612 3340 699 3429 ,spem
712 3354 803 3412 totius
816 3352 892 3412 orbis
906 3354 1061 3429 occupandi
1074 3374 1153 3433 gere

144 3451 237 3529 betur,
265 3448 385 3509 Graeciae
410 3466 520 3525 quoque
547 3428 701 3521 escretae
727 3465 806 3504 arma
828 3453 1024 3506 commoverat
1078 3448 1153 3525 Agis

146 3532 426 3607 Lacedaemoniorum
440 3541 514 3615 Rex,
529 3547 593 3614 otto
605 3539 734 3601 millibus
748 3539 923 3613 Graecorum,
936 3540 985 3617 qui
998 3558 1034 3597 ex
1045 3538 1153 3601 dilicit
1266 3560 1282 3604 ·,

87 3624 259 3718 mprofugi
273 3638 371 3696 domos
390 3620 570 3733 repetiepdnt,
585 3635 747 3708 contractis,
761 3634 870 3694 bellum
890 3634 1047 3711 Antipatro
1061 3635 1156 3695 Maee-

147 3736 240 3797 doniae
262 3735 396 3813 praefecto
418 3732 596 3839 moliebatqp.
638 3731 818 3793 “Cretenses
841 3734 894 3790 hus
908 3741 959 3790 aut
979 3732 1045 3821 illas
1058 3741 1170 3817 partes·
1280 3729 1283 3814 ,

147 3829 245 3905 secuti,
258 3848 334 3889 nuno
348 3828 563 3907 Spartanorum,
572 3844 653 3925 'nunc
672 3826 863 3885 Macedonum
882 3826 1027 3904 praesidiis
1039 3846 1156 3905 occupa·

609 3934 617 3971 r

1145 4003 1149 4011 -
1280 3969 1281 4020 l
