2592 4400
462 414 583 457 arena
608 415 643 455 x.
673 416 756 457 usn.
785 416 818 458 x.
1088 398 1148 459 267

128 554 337 635 repletumque
359 562 406 615 est
426 554 564 615 odoribus
588 574 708 615 aureum
734 554 847 631 solium,
870 563 900 615 et
923 554 1012 635 eapiti
1034 556 1150 634 adjecta

129 652 262 711 fortuna
275 654 339 729 eJns
353 650 486 729 insignia.
528 649 650 709 Veneno
671 658 807 710 neeatum
832 672 895 711 esse
919 652 1069 712 credidere
1089 653 1149 731 ple·

130 747 236 826 rique,
257 746 351 805 filiurn
366 746 520 823 Antipatri
535 747 612 804 inter
625 746 783 820 ministros,
799 746 904 806 Iollam
918 748 1042 822 nomine,
1055 748 1148 827 patris

137 846 227 920 jussu
240 842 364 901 dedisse.
407 842 491 920 saepe
512 841 591 901 eertd
607 842 706 900 audita
726 849 789 900 erat
801 862 859 901 vox
873 842 1045 919 Alexandri,
1061 844 1147 903 Anti·

130 946 253 1017 patrum
274 939 387 1017 regium
412 938 548 997 affectare
568 938 730 1019 fastigium,
747 939 765 967 ¹⁰
773 940 966 1017 majoremque
990 958 1053 999 esse
1077 960 1147 1018 pree
1199 964 1200 967 ¹

130 1034 207 1093 fenti
220 1034 337 1111 opibus;
359 1054 393 1093 aa
407 1032 496 1093 titulo
510 1033 661 1111 Spartanae
675 1033 805 1094 victoriae
824 1033 963 1111 inflatum,
976 1037 1072 1093 omnia
1085 1054 1103 1093 a
1116 1054 1147 1094 se

132 1129 208 1188 data
220 1138 396 1189 asserentem
418 1130 482 1191 sibi.
526 1129 692 1190 Credebant
706 1130 802 1207 etiam,
818 1127 971 1189 Craterum
992 1149 1057 1189 eum
1070 1138 1147 1191 vete·

132 1244 203 1285 rum
225 1225 352 1284 militurn
378 1246 465 1285 manu
489 1224 526 1284 ad
553 1225 784 1285 interiieiendnm
812 1245 877 1284 eum
904 1226 1033 1285 missum.
1075 1226 1147 1286 Vim

133 1329 234 1381 autem
244 1323 355 1398 veneni,
369 1322 447 1401 qnod
461 1322 492 1379 in
507 1320 680 1380 Macedonit
694 1320 834 1401 gignitur,
845 1321 933 1381 telem
947 1341 1009 1381 esse
1023 1330 1145 1399 constat,

134 1419 157 1449 ²¹
166 1425 203 1477 nt
214 1420 322 1477 ferrum
336 1420 451 1497 qudque
473 1424 584 1477 exurat.
626 1416 774 1496 Ungulam
793 1419 919 1497 jumenti
942 1418 1084 1479 duntaxat
1099 1440 1146 1497 pa·

133 1515 258 1573 tientem
271 1534 334 1575 esse
348 1514 435 1574 sneei
479 1514 601 1594 Stygem
621 1513 770 1592 appellant
783 1515 901 1589 fontem,
917 1534 1024 1595 exque
1045 1517 1146 1594 pestif-

132 1630 218 1669 erum
230 1609 311 1669 virus
332 1618 453 1669 emanat.
496 1610 562 1669 Hae
575 1630 627 1687 per
642 1609 836 1670 cassandrum
855 1610 975 1671 allatum
995 1612 1145 1673 traditum·

132 1726 192 1787 qne
205 1707 291 1765 fratri
314 1706 454 1782 Iollae,'et
475 1706 512 1765 ab
536 1726 572 1765 eo
597 1725 739 1785 supremae
759 1706 851 1785 Regis
873 1706 985 1785 potioni
1009 1708 1143 1769 inditum.

133 1804 156 1833 ¹¹
167 1801 252 1876 Hsee,
266 1809 422 1880 utrumqne
435 1808 504 1859 sunt
516 1800 637 1875 tradita,
652 1820 760 1875 eorum,
775 1820 848 1879 quos
860 1820 960 1861 rumor
974 1810 1145 1881 asperserat,

131 1918 203 1958 mox
216 1898 347 1975 petentia
361 1896 496 1955 extinxit
538 1896 676 1976 Regnum
691 1896 766 1955 enim
782 1896 962 1956 Macedoniae
976 1897 1144 1975 Antipater,

133 2003 166 2055 et
187 1993 331 2055 Graniam
350 2012 464 2072 quoqne
486 1993 600 2053 invasit.
651 1991 772 2054 Sebolee
794 1992 898 2053 deinde
921 1994 1044 2071 exeepit,
1058 1995 1145 2055 inter·

132 2092 218 2152 feetis
232 2091 375 2165 omnibus,
389 2082 565 2169 quicumque*
576 2080 779 2148 Alexandrum
801 2090 889 2149 etiam
910 2088 1068 2169 longinqua
1082 2110 1144 2170 eog-

102 2272 105 2277 .
132 2189 252 2250 natione
275 2187 464 2266 eontigerant
520 2184 668 2248 caurum
693 2206 798 2265 eorpus
820 2188 883 2265 ejus
907 2186 1076 2264 Ptolemaeo,
1096 2188 1145 2248 eni

135 2286 286 2366 AEgyptus
300 2291 436 2361 cesserat,
451 2282 620 2361 Memphim,
634 2291 665 2342 et
679 2283 747 2344 inde
762 2283 863 2362 paneis
876 2285 943 2362 pest
958 2285 1040 2344 annis
1054 2283 1145 2346 Alex·

133 2383 268 2444 andriam
280 2381 456 2442 translatum
469 2386 523 2456 est,
537 2378 687 2461 omnisque
706 2380 855 2442 memoriae
875 2400 909 2442 ee
930 2381 1041 2443 nomini
1053 2381 1145 2454 honos

132 2478 267 2546 habetare
