2592 4400
197 384 236 442 64
546 397 692 444 ourrrr
714 396 856 438 ouauu

196 557 312 598 auorum
325 543 487 614 nupturam.
524 520 987 616 ''Multdmrerbmihiprarstat
1000 536 1086 596 aime
1100 535 1219 596 Manno
1270 573 1280 593 .

194 651 331 712 generum
344 631 502 710 praeponit!
554 632 609 706 Ita,
624 633 760 691 nunciate
772 633 967 712 Regirestro,
980 639 1088 709 etquoe
1101 631 1218 706 amisit,
1279 680 1281 688 r

194 734 225 786 et
237 747 303 806 quas
314 727 408 788 adhue
419 727 514 802 habet,
524 727 640 805 praemia
650 745 713 786 essa
722 725 810 803 belh,
834 729 855 756 ¹⁸
865 728 919 786 hoe
930 733 1047 806 regente
1058 725 1218 804 utriusque
1279 754 1280 757 ¹

71 832 89 887 l
99 830 112 874 s
127 817 332 881 2sterminos
355 821 446 900 regni,
460 821 491 880 id
512 840 654 901 quemque
676 821 852 896 habiturum,
871 821 949 900 quod
970 821 1113 899 proximae
1133 820 1218 878 lueis

117 987 124 998 ι
193 917 370 995 assignatus-a
396 917 512 976 fortuna
534 917 607 976 est.”
659 915 763 994 Legati
783 915 973 993 respondeat:
1004 916 1073 973 edm
1095 914 1218 974 beilum

193 1013 223 1068 in
251 1011 346 1070 animo
372 1011 421 1088 sit,
445 1011 539 1070 faeere
566 1030 631 1069 eum
655 1013 674 1040 ¹⁹
683 1010 852 1088 simpliciter
877 1011 955 1088 quod
978 1029 1030 1088 ape
1042 1010 1122 1088 pacis
1148 1029 1217 1068 non

192 1107 396 1166 frustraretur:
417 1107 494 1184 ipsos
508 1112 615 1184 petere,
628 1106 716 1184 quam
735 1105 863 1182 primum
884 1105 1069 1165 dimittantur
1088 1104 1126 1164 ad
1149 1105 1216 1164 Re·

152 1228 161 1244 2
191 1221 271 1280 gem:
300 1221 366 1260 eum
387 1221 498 1280 quoque
511 1201 618 1261 bellum
635 1219 737 1279 parare
759 1199 873 1262 debere.
912 1200 1034 1261 Dimissi
1054 1199 1214 1276 nunciant,

71 1287 109 1346 ll
127 1279 180 1351 W
191 1296 292 1356 adesse
305 1303 454 1357 certamen.
1279 1336 1280 1339 =

252 1391 327 1452 XII.
350 1395 396 1451 46.
418 1391 475 1450 Ille
507 1389 624 1469 quidem
652 1390 805 1450 eoniaatim
838 1390 980 1452 Musarum
1011 1409 1078 1450 oum
1110 1389 1214 1451 tribus
1279 1388 1280 1391 ’

191 1486 320 1548 millibus
342 1487 477 1565 equitum,
492 1487 528 1545 ad
545 1486 660 1560 itinera,
674 1505 739 1564 quer
758 1486 853 1545 hostis
865 1486 1010 1563 petiturus
1031 1493 1104 1561 arat,
1123 1504 1212 1544 oaeu·
1279 1530 1280 1533 ,

190 1677 270 1752 lutis,
285 1677 417 1755 omnique
433 1677 581 1756 ¹gravioru
594 1676 731 1735 eomitatu
742 1676 823 1735 intra
835 1675 936 1735 eadem
948 1675 1127 1734 munimenta
1138 1695 1211 1736 eum
1279 1682 1280 1747 i

85 1763 301 1840 sldt‘modieo
314 1772 571 1850 praesidiorelieto,
585 1772 623 1830 ad
643 1770 758 1831 hostem
777 1770 933 1832 contendit.
973 1771 1011 1831 In
1024 1770 1211 1832 duooornua
1279 1752 1280 1815 3

191 1867 329 1928 diviserat
342 1868 477 1946 peditem,
491 1867 632 1946 utrimque
653 1867 746 1926 latera
759 1867 856 1946 equite
868 1865 1063 1926 oiroumdato:
1083 1867 1209 1945 impedi·
1279 1870 1280 1931 ἶ

190 1973 287 2022 menta
319 1964 509 2042 sequebantur
541 1983 651 2042 agmen.
705 1963 892 2024 Praemissum
925 1961 1029 2022 demde
1062 1963 1208 2023 'ooneitis
1279 2028 1280 2037 χ

191 2061 271 2138 equis
292 2059 440 2118 Menidam
464 2059 547 2136 jubet
573 2059 731 2136 explorare,
749 2058 799 2119 ubi
821 2058 927 2117 Darius
946 2065 1032 2117 esset
1073 2058 1119 2117 At
1140 2059 1205 2135 iile,
1279 2056 1280 2133 i

190 2141 258 2215 edm
279 2154 404 2214 Musaeus
426 2153 504 2213 haud
526 2154 627 2232 prooul
648 2153 831 2228 eomedisset,
851 2171 908 2213 non
928 2171 1015 2212 ausus
1033 2152 1114 2213 ultra
1137 2173 1206 2232 pro-
1279 2152 1280 2185 ³

73 2240 90 2311 s
110 2239 299 2324 subsedere,
327 2250 400 2307 nihil
427 2248 507 2309 aliud
532 2251 621 2327 qudm
646 2250 797 2308 fremitum
821 2248 976 2324 hominum,
999 2248 1206 2329 hinnitumque
1265 2297 1280 2302 .,

189 2364 326 2425 equorum
340 2345 491 2404 exaudisse
510 2344 635 2404 nuueiat
677 2345 804 2404 Mazaeus
823 2364 945 2423 quoque,
965 2345 1204 2423 eonspeetispro·
1279 2357 1280 2372 ¹

188 2442 234 2500 oul
247 2441 485 2519 exploratoribus,
499 2442 530 2498 in
543 2446 637 2498 eastra
657 2459 688 2499 se
707 2440 818 2517 recipit,
833 2439 978 2499 adrentus
990 2438 1118 2498 hostium
1129 2460 1203 2499 nun·
1279 2457 1280 2528 ἦ

188 2537 257 2617 eius.
298 2534 395 2615 Igitur
410 2534 524 2610 Darius,
538 2535 588 2613 qui
610 2534 640 2593 in
654 2533 823 2611 patentibus
836 2534 943 2612 eampis
955 2532 1107 2593 decernere
1121 2542 1202 2613 opta-

187 2633 245 2707 bat,
260 2632 365 2691 ermari
386 2631 507 2689 militem
525 2630 618 2708 jubet,
632 2632 777 2708 aaiemque
796 2630 930 2709 disponit
971 2627 1009 2688 In
1025 2628 1097 2689 lmvo
1112 2650 1201 2691 cornu

83 2722 157 2801 stt(
162 2707 191 2759 s
188 2728 337 2788 Bactriani
365 2726 446 2787 ibant
472 2727 593 2805 equites,
615 2726 715 2784 'mille
741 2725 912 2801 admodum,
939 2723 1032 2783 Data
1057 2725 1198 2805 totidem;

57 2814 60 2819 ’
186 2832 216 2883 et
249 2823 412 2898 Arachosii,
440 2821 608 2900 Susianique
640 2827 766 2899 quatuor
798 2820 891 2879 millia
916 2820 1076 2899 explebant
1133 2822 1200 2884 Hos

185 2928 301 2979 eentum
333 2917 433 2977 saloati
465 2934 566 2976 currus
599 2916 799 2995 sequebantur.
861 2916 1017 2977 Proximus
1049 2918 1200 2999 quadrigis

185 3023 249 3074 erat
275 3015 383 3072 Bessus
409 3032 474 3071 oum
506 3018 569 3071 outo
597 3010 728 3072 millibus
756 3010 894 3089 equitum,
923 3011 996 3070 item
1022 3012 1197 3076 Bactrianis,

187 3090 359 3187 Massagetae
380 3107 492 3167 duobus
518 3105 647 3166 millibus
673 3107 797 3186 ‘agmen
823 3108 887 3183 ejus
920 3106 1106 3168 claudebant:
1129 3110 1198 3187 ‘pe

38 3266 43 3273 ,
88 3208 109 3277 l
118 3200 261 3287 livdites
293 3204 338 3261 his
368 3201 495 3280 plurium
527 3201 656 3281 gentium
677 3220 735 3261 non
761 3201 918 3277 inmixtos,
948 3202 1000 3261 sed
1032 3221 1093 3262 suae
1119 3205 1196 3283 quis

184 3320 238 3379 que
265 3298 388 3357 nationis
413 3299 551 3374 junxerat
578 3296 682 3373 copias.
723 3296 830 3355 Persas
856 3296 961 3355 deinde
987 3316 1053 3357 eum
1072 3297 1196 3375 Mardis,

185 3394 400 3474 Sogdianisque,
414 3390 625 3451 Ariobarzanes
645 3398 675 3449 et
689 3390 832 3453 Otobates
851 3391 999 3453 duoebant
1042 3392 1093 3451 Illi
1106 3394 1197 3471 parti·
1279 3469 1280 3476 ἵ

184 3491 237 3569 bus
250 3480 412 3567 eopiarirm5
435 3506 553 3547 summae
568 3484 690 3547 Orsines
699 3482 829 3564 praeerat,
838 3507 856 3546 a
866 3494 975 3565 septem
988 3486 1087 3547 Persis
1100 3489 1196 3548 oriun-
1279 3507 1280 3556 f

184 3586 247 3660 dus,
280 3584 318 3644 ad
345 3582 453 3661 cyrum
480 3602 591 3661 quoque
616 3579 825 3642 nobilissimum
857 3602 954 3661 regem
980 3582 1122 3661 originem
1149 3603 1195 3643 sur

70 3642 173 3731 ΗΠ
182 3682 314 3740 referens.
370 3678 434 3739 Hos
460 3678 525 3738 aliae
555 3685 665 3758 gentes,
691 3696 730 3735 ne
755 3676 842 3735 sociis
867 3678 983 3756 quidem
1010 3678 1194 3760 satis-notae,
1279 3669 1280 3712 ³

184 3776 382 3854 sequebantur.
432 3774 506 3855 Post
528 3793 599 3853 quas
622 3771 829 3852 quinquaginta
851 3772 1009 3852 quadrigas
1031 3773 1196 3834 Phradates

184 3890 286 3949 magno
310 3868 516 3948 Cuspianorum
543 3868 657 3949 agmine
683 3866 875 3928 anteuedebat
938 3868 1014 3944 Indi,
1040 3868 1195 3949 oeterique
