2592 4400
222 382 278 443 tao
564 398 706 453 oursrr
736 402 875 445 courir

217 538 341 601 Darium
362 538 445 599 missi
472 558 519 601 xo.
574 539 634 600 'In
661 540 890 619 supplementum
917 541 1098 604 distributus
1126 544 1220 618 miles,

215 636 314 695 eaeteri
336 635 450 695 remissi
472 634 598 711 domum,
612 642 720 715 prseter
743 636 986 712 Lacedaemonios,
1001 658 1077 718 quos
1100 639 1181 699 tradi
1199 639 1224 697 in

215 730 375 789 eustodiem
387 731 483 808 jussit
877 724 883 737 '

278 826 321 883 ll.
345 824 515 884 Mardorum
535 830 599 883 erat
621 844 693 903 gens
714 826 833 885 confinis
856 826 1022 905 Hyreanim,
1051 827 1137 887 oultn
1163 828 1225 889 vite

110 922 128 964 ν’
142 945 147 957 ·
212 938 324 997 aspera,
338 927 369 979 et
382 919 544 979 latrooiniis
564 928 689 979 menete.
733 920 807 981 Haeo
821 921 884 981 sole
896 941 948 981 neo
962 920 1076 1000 legulos
1098 924 1224 994 miserat,

211 1034 265 1075 neo
278 1016 432 1075 videbatur
445 1016 586 1093 imperate
605 1017 726 1075 foetura
791 1016 896 1097 Itsque
917 1016 982 1075 Rex
1002 1018 1184 1099 indignatus,
1203 1018 1225 1075 si

210 1130 269 1171 uus
281 1130 353 1191 gons
377 1118 476 1190 posset
496 1111 607 1170 ellioere
620 1130 657 1171 ne
680 1110 806 1171 inrietus
825 1119 911 1187 esset,
926 1112 1144 1191 impedimentis
1165 1132 1225 1173 eum
1245 1165 1247 1171 .

210 1207 347 1285 praesidio
368 1207 487 1284 relictis,
500 1206 611 1266 invicte
631 1228 719 1268 msnu
741 1208 897 1267 eomitante
924 1208 1064 1285 proaedit
1129 1210 1225 1269 Noetu

210 1301 269 1361 iter
281 1303 400 1377 fenerat,
413 1309 446 1361 et
458 1302 553 1379 prims
566 1302 632 1363 luoe
645 1302 739 1363 hostis
753 1303 791 1367 in,
804 1310 960 1381 eonspeotu
980 1309 1058 1363 erut:
1081 1305 1225 1363 tumultus

192 1404 196 1412 '
210 1399 302 1475 magis
315 1399 404 1477 quim
417 1397 549 1476 prselium
563 1398 628 1462 fuit
692 1399 850 1460 Deturbati
871 1419 907 1459 ex
921 1398 1043 1459 oollibus
1057 1418 1134 1479 quos
1148 1419 1225 1459 ooou-

209 1503 356 1571 paverant,
372 1492 498 1553 Barbari
511 1493 699 1573 profugiunt;
722 1494 904 1573 proximique
923 1494 980 1554 riui
1001 1495 1037 1555 eb
1058 1493 1168 1553 ineolis
1183 1496 1225 1553 de

209 1588 281 1647 serti
295 1590 457 1666 eapinntnr.
515 1589 660 1649 Interiora
673 1590 798 1669 regionis
814 1593 877 1667 ojus
891 1590 968 1649 haud
982 1590 1051 1649 sane
1065 1590 1151 1649 adire
1166 1590 1228 1651 sine

208 1688 314 1762 magns
326 1686 481 1744 vexatione
495 1686 643 1744 exereitus
657 1692 797 1764 poterent.
840 1685 921 1763 «luga
939 1686 1080 1744 montium
1094 1686 1226 1763 praenltae

208 1779 299 1857 sylvae
308 1798 454 1859 rupesque
468 1780 556 1840 invise
569 1780 702 1859 sepiunt:
724 1800 760 1839 ea
774 1800 839 1860 qum
848 1779 935 1857 planu
956 1785 1032 1853 sunt,
1047 1799 1121 1840 novo
1134 1780 1225 1839 muni·

127 1883 153 1932 ’.ἰ
176 1907 180 1918 ·
201 1871 298 1934 'menti
317 1895 422 1955 genere
436 1875 629 1953 impedierant
642 1874 773 1935 Barbari.
836 1874 968 1935 Arbores
983 1875 1081 1935 densae
1103 1883 1177 1935 sunt
1191 1896 1225 1935 ex

204 1970 355 2031 industris
364 1972 493 2045 eonsitte,
503 1990 625 2050 quarum
639 1979 752 2029 teneros
765 1970 875 2030 'adhue
889 1989 983 2029 ramos
994 1990 1080 2029 mann
1091 1970 1224 2047 fleotunt,

206 2086 279 2145 quos
294 2068 418 2127 intortos
432 2068 536 2125 rursus
549 2066 681 2125 inserunt
693 2074 784 2127 terrm.
817 2065 893 2125 Inde
907 2065 988 2125 velut
1000 2084 1038 2125 ex
1052 2065 1111 2123 alis
1124 2068 1225 2126 radios

207 2161 335 2222 laetiores
347 2163 444 2224 virent
457 2161 560 2222 trunei.
604 2162 680 2239 Hos,
694 2162 775 2242 ‘qua
789 2168 895 2222 natura
908 2162 976 2237 fert,
985 2160 1153 2222 adolescere
1167 2184 1225 2223 non

207 2258 324 2334 sinnnt;
345 2258 452 2336 qnippe
473 2258 563 2317 alium
586 2258 638 2317 alii
660 2258 743 2337 quasi
763 2277 842 2316 nexu
869 2265 1042 2334 oonserunt;
1078 2257 1149 2338 'qui
1174 2259 1225 2320 ubi

206 2351 301 2410 multat
323 2353 428 2412 fronde
441 2353 541 2412 vestiti
560 2361 637 2429 sunt,
653 2354 787 2431 operiunt
808 2360 925 2412 terrem.
990 2352 1097 2431 Itaque
1112 2354 1224 2414 oooulti

207 2467 300 2506 nexus
323 2467 476 2523 ramorum,
503 2449 586 2509 velut
609 2449 714 2529 laquei,
737 2451 879 2526 perpetua
901 2467 969 2526 sepe
991 2449 1048 2507 iter
1071 2448 1221 2510 elendunt

206 2541 273 2602 Una
298 2543 374 2602 ratio
396 2552 468 2618 erat,
482 2544 620 2604 eredendo
648 2545 759 2621 aperire
787 2543 914 2604 saltum:
945 2543 997 2604 sed
1024 2543 1079 2603 hoo
1105 2563 1222 2624 quoque

206 2639 302 2717 magni
316 2643 418 2717 operis.
463 2639 567 2700 (lrebri
581 2659 704 2718 namque
724 2639 794 2698 nodi
809 2639 985 2698 duraverant
999 2639 1125 2716 stipites,
1140 2646 1172 2697 et
1191 2641 1221 2698 in
1268 2635 1269 2710 l

205 2755 236 2795 se
250 2736 391 2814 implicati
405 2735 541 2795 arborum
555 2736 640 2810 rami,
660 2735 806 2812 suspensis
821 2733 934 2794 oiroulis
955 2733 1066 2794 similes
1080 2734 1159 2794 lento
1182 2735 1220 2796 vi-
1268 2723 1269 2810 l

191 2833 281 2890 mine
295 2832 513 2892 frustrabantur
526 2832 610 2889 letus.
643 2829 754 2889 Inoolse
768 2837 865 2888 autem
879 2829 1076 2887 rituferarum
1090 2829 1220 2908 virgulto

207 2928 305 2988 subire
319 2927 409 3003 soliti,
423 2936 485 2986 tnm
499 2945 614 3006 quoque
627 2928 806 2987 intraverant
826 2923 943 2999 saltum,
957 2923 1137 3003 oooultisqne
1152 2925 1218 2984 telis
1268 2913 1269 2954 l

204 3025 318 3082 hostem
331 3021 528 3082 lacessebant*

271 3121 313 3175 la.
337 3117 396 3176 Ille
423 3118 590 3177 venantium
612 3115 706 3194 modo,
735 3113 858 3176 latibula
880 3119 1036 3188 serutatus,
1064 3113 1219 3196 plerosque
1268 3121 1269 3148 ³

205 3212 351 3271 confodit:
374 3212 411 3270 ed
431 3212 567 3270 ultimum
588 3211 741 3270 oireumire
764 3210 870 3270 saltum
891 3209 1002 3268 milites
1021 3208 1118 3284 jubet,
1139 3217 1174 3268 nt
1193 3209 1218 3268 si

140 3310 148 3335 “·
204 3309 263 3387 qul
277 3313 400 3385 pateret,
414 3307 616 3384 irrumperent
673 3306 731 3366 Sed
750 3305 858 3384 ignotis
872 3304 943 3364 loeis
957 3303 1089 3382 plerique
1104 3304 1217 3364 oberra-

205 3405 284 3465 bant
321 3401 446 3478 Excepti
461 3408 529 3460 sunt
542 3401 670 3480 qnidam,
684 3401 759 3460 inter
772 3419 844 3480 quos
853 3419 943 3478 equus
958 3398 1059 3478 Regis,
1071 3399 1218 3478 (Buceph-

205 3498 293 3558 alum
320 3497 474 3575 vocabant)
496 3515 581 3574 quem
603 3495 772 3555 Alexander
801 3515 859 3554 non
881 3494 992 3568 eodem,
1015 3514 1073 3573 qno
1097 3503 1218 3554 ureteras

206 3594 341 3673 pecudes,
355 3592 450 3651 animo
471 3592 641 3650 aestimabat
682 3590 835 3669 ‘Namque
855 3589 905 3648 ille
927 3609 979 3648 neo
1001 3589 1032 3648 in
1045 3590 1132 3648 dorso
1153 3590 1217 3649 insi·

208 3691 276 3749 dere
292 3708 343 3748 sno
364 3687 528 3766 patiebatur
547 3687 657 3744 alium:
678 3693 709 3744 et
722 3687 844 3765 Regem,
859 3688 923 3744 elim
943 3685 1032 3745 vellet
1054 3687 1218 3760 ascendere,
1266 3699 1269 3812 q

101 3835 106 3842 .
142 3795 180 3851 'eh
208 3793 311 3862 sponte
324 3788 379 3844 sut
399 3803 494 3862 genus
515 3781 698 3857 submittens,
720 3783 891 3858 excipiebat,
907 3781 1137 3860 eredebaturquo
1161 3801 1221 3841 sen·
1268 3815 1269 3856 3

209 3881 266 3946 tire
278 3901 365 3960 quem
377 3879 505 3940 veheret
549 3878 662 3954 Majore
684 3879 753 3964 ergo
765 3878 853 3954 quim
876 3875 997 3940 deeebat
1027 3875 1073 3934 irs
1088 3877 1220 3936 simulne
1268 3867 1269 3926 Ϊ
