2592 4400
386 393 509 433 aranu
537 394 611 433 vu.
644 396 728 435 car.
760 396 814 436 ιν.
1050 380 1105 439 153

84 531 198 606 dentis,
223 516 395 591 traderetur.
441 531 661 593 Utaudientcs
683 534 871 613 suspenderat
889 538 1105 613 exspectatione

86 627 143 703 sui,
157 633 222 687 tum
236 618 388 686 consilium
401 628 504 705 aperit,
527 629 632 687 utilius
656 630 749 689 Besso
772 632 859 709 qudm
879 632 998 710 gratius.
1040 632 1105 693 “In

85 721 261 796 vestibulo,''
287 722 390 801 inquit,
414 724 532 801 “regias
552 731 613 783 tuae
635 724 854 785 ‘velocissimus
874 727 1006 785 constitit
1027 727 1102 787 Rex.

86 816 170 875 Ante
184 817 255 875 ‘illc
269 838 381 897 agmen,
396 818 485 896 quarn
498 825 531 876 tu
545 839 674 878 mensam
689 820 775 878 istam
789 822 924 881 movebis.
969 822 1054 881 Nunc
1068 823 1104 884 ab

86 912 183 972 Tanai
198 906 361 971 exercitu‘m
373 933 512 988 accerses,
527 921 558 973 et
573 915 662 973 armis
682 915 802 974 flumina
815 935 960 993 oppones:
983 918 1103 993 seilicet,

84 1009 147 1087 qud
171 1014 205 1066 tu
228 1008 378 1087 fugiturus
401 1028 441 1082 cs,
465 1009 560 1067 hostis
582 1010 666 1088 sequi
689 1028 746 1068 non
770 1012 889 1087 potasti
912 1012 969 1069 iter
988 1012 1105 1091 utrique

85 1124 239 1162 commune
260 1111 323 1178 est3
345 1103 449 1163 victori
471 1104 574 1164 tutius.
618 1104 705 1163 Licet
725 1112 874 1164 strenuum
896 1114 1004 1165 metum
1019 1114 1106 1184 putes

85 1219 170 1276 esss;
191 1198 320 1259 velocior
334 1207 430 1258 tamen
444 1219 509 1277 spes
523 1207 576 1258 est.
618 1199 719 1272 'Quin
738 1200 890 1262 validioris
909 1220 1030 1279 occupas
1043 1222 1103 1282 gra·

85 1295 169 1370 tiam,
193 1294 334 1373 dedisque
355 1301 403 1371 tc3
425 1302 582 1374 utcumque
609 1296 739 1370 cesserit,
768 1278 919 1356 meliorem
947 1298 1104 1373 fortunam,

85 1391 217 1465 deditus,
241 1393 329 1469 qudm
353 1390 456 1465 hostis,
478 1390 656 1450 habiturus?
697 1392 835 1451 Alienum
859 1392 949 1453 habes
973 1414 1104 1473 regnum,

84 1488 166 1565 ⁸qud
187 1474 306 1545 facilids
330 1506 365 1545 eo
392 1505 497 1545 careas.
540 1486 668 1564 Incipias
692 1487 814 1546 forsitan
833 1490 931 1565 justus
956 1508 1019 1549 esse
1042 1508 1104 1565 rex,

83 1584 158 1641 crim
171 1582 234 1659 ipse
247 1581 379 1655 'fecerit
394 1582 446 1659 qui
458 1581 515 1641 tibi
528 1588 559 1639 et
573 1582 644 1640 dare
664 1589 762 1659 potest
782 1602 914 1661 regnum,
928 1591 959 1642 et
981 1586 1103 1662 eripere.

86 1676 254 1738 Consilium
266 1676 357 1736 habes
370 1676 464 1749 fidele,
480 1677 500 1704 ¹⁰
509 1675 589 1754 quod
600 1676 714 1735 diutids
728 1678 849 1756 exsequi
863 1697 1105 1755 supervacaneum

84 1780 140 1833 est
185 1770 303 1832 Nobilis
317 1790 409 1850 equus
424 1770 528 1830 umbra
540 1790 655 1849 quoque
669 1772 760 1850 virgae
773 1772 903 1849 regitur,
926 1772 1048 1851 ignavus
1068 1792 1106 1833 uo

84 1868 194 1928 calcari
208 1867 327 1945 quidem
340 1866 479 1925 concitari
492 1867 619 1945 potest.’'
662 1866 780 1941 Bessus,
796 1873 826 1925 et
839 1867 955 1945 ingenio
970 1876 1000 1927 et
1013 1867 1106 1926 multo

84 1984 168 2024 mero
182 1964 274 2037 ferox,
289 1962 362 2021 adeb
376 1962 496 2038 exarsit,
510 1970 545 2021 ut
558 1961 610 2022 vix
624 1961 661 2021 ab
675 1961 785 2037 amicis,
797 1962 950 2040 quominus
961 1962 1107 2021 occideres

85 2081 155 2121 eum
171 2058 249 2135 (nam
270 2058 428 2117 strinxerat
447 2077 562 2137 quoque
582 2058 750 2135 acinacem),
772 2057 976 2115 contineretur.
1019 2056 1105 2118 Gertd

86 2155 223 2218 convivio
249 2153 395 2232 prosiluit,
422 2153 643 2233 haudquaquam
677 2158 780 2232 potens
807 2152 923 2212 mentis.
981 2150 1107 2214 Gobares

86 2255 167 2312 inter
181 2249 340 2308 tumultum
354 2249 479 2327 elapsus,
493 2249 531 2307 ad
545 2247 750 2307 Alexandrum
764 2248 932 2326 transfugit.

37 2405 41 2409 .
154 2351 198 2404 15.
225 2345 301 2406 Octo
324 2344 418 2403 millia
445 2344 668 2403 Bactrianorum
692 2343 819 2404 habebat
847 2351 959 2404 armata
986 2343 1106 2421 Bessus,

85 2463 164 2524 quae,
179 2441 321 2521 quamdiu
333 2448 452 2519 propter
466 2440 533 2498 coeli
546 2439 749 2517 intemperiem
764 2439 881 2498 Indiam
896 2441 996 2518 potitis
1012 2440 1106 2499 Mace·

87 2541 183 2600 donas
212 2537 355 2615 petituros
385 2536 579 2611 crediderant,
605 2535 775 2595 obedienter
799 2536 942 2613 imperata
969 2529 1107 2596 fecerunt.

87 2637 255 2712 Postquam
286 2633 441 2691 adventare
468 2631 671 2690 Alexandrum
699 2638 877 2708 compertum
902 2638 956 2707 est,
984 2633 1015 2689 in
1039 2651 1107 2692 suos

87 2731 215 2811 quisque
229 2728 308 2788 vicos
322 2728 437 2806 dilapsi,
453 2725 579 2786 Bessum
595 2726 784 2805 reliquerunt.
806 2726 864 2785 Ille
879 2746 943 2785 cum
957 2726 1107 2786 clientium

87 2847 188 2900 manu,
202 2825 324 2903 quinon
335 2830 520 2883 mutaverant
533 2822 629 2897 fidem,
646 2822 713 2883 Oxo
729 2841 811 2879 amne
826 2828 971 2898 superato,
986 2823 1107 2880 exustis-

88 2918 147 3003 que
169 2920 304 2998 navigiis,
328 2918 435 2998 quibus
458 2918 624 2992 transierat,
650 2937 687 2976 ne
714 2917 818 2975 iisdem
845 2915 938 2974 hostis
966 2923 1108 2991 uteretur,

88 3037 182 3079 novas
196 3016 293 3093 copias
307 3015 337 3072 in
352 3014 506 3092 Sogdianis
520 3012 719 3072 contrahebat.
762 3010 932 3070 Alexander
947 3009 1109 3071 (laucasum

89 3113 210 3195 quidem
226 3110 272 3187 (ut
286 3130 375 3188 supra
388 3110 499 3168 dictum
512 3111 569 3188 est)
584 3109 759 3167 transierat:
781 3107 832 3166 sed
853 3107 951 3185 inopia
971 3109 1110 3168 frumenti

90 3207 184 3289 prope
205 3206 244 3266 ad
268 3207 373 3264 famem
396 3212 516 3265 ventum
540 3211 612 3264 erat.
655 3204 747 3263 Succo
770 3222 807 3261 ex
829 3205 942 3262 sesama
964 3224 1110 3282 expresso,

90 3305 173 3364 haud
186 3303 273 3362 seeds
293 3302 381 3380 quam
402 3301 476 3376 oleo,
491 3307 573 3359 artus
592 3298 801 3378 perurgebant.
846 3297 905 3358 Sed
925 3299 1012 3377 hujus
1033 3299 1122 3358 succi'

92 3399 217 3460 ducenis
227 3397 420 3478 quadragenis
434 3396 562 3455 denariis
576 3394 723 3473 amphorae
744 3393 886 3473 singula,
908 3395 1004 3453 mellis
1026 3395 1111 3453 dena·

93 3497 148 3555 riis
174 3492 302 3553 trecenis
322 3492 488 3570 nonagenis,
511 3490 638 3550 trecenis
659 3490 722 3550 vini
747 3489 986 3565 estimabantur3
1019 3488 1112 3547 tritici

93 3591 178 3665 nihil,
204 3598 258 3648 aut
280 3588 438 3648 admodum
462 3586 599 3664 exiguum
622 3585 831 3662 reperiebatur.
875 3583 959 3642 Siros
972 3582 1113 3641 vocabant

97 3684 234 3762 Barbari,
254 3703 328 3764 quos
341 3683 385 3741 ita
400 3682 522 3742 solerter
543 3680 734 3754 abscondunt,
748 3686 783 3737 ut
797 3677 854 3736 nisi
866 3677 917 3756 qui
931 3674 1113 3751 defoderunt,

96 3782 228 3842 invenire
250 3799 308 3839 non
332 3777 451 3857 possint.
495 3777 531 3836 In
554 3776 591 3833 iis
606 3775 731 3834 conditae
752 3774 849 3851 fruges
863 3777 953 3830 erant.
996 3770 1033 3828 In
1047 3790 1114 3850 qua

99 3897 164 3936 rum
184 3875 310 3957 penuria
332 3874 442 3933 milites
461 3870 598 3930 fluviatili
618 3870 697 3948 pisce
720 3876 749 3928 et
769 3865 867 3928 herbis
889 3863 1118 3927 sustinebantur?
1216 3882 1219 3888 ·

244 3972 280 4031 71
