2592 4400
458 395 579 436 arana
608 395 644 436 v.
677 397 762 437 car.
794 397 818 435 r.
1102 378 1141 438 83

31 531 304 634 qscoluutque:
333 538 368 592 ut
390 533 415 592 si
439 540 560 592 externa
583 534 628 594 vis
651 534 777 612 ingruat,
795 533 926 595 eboessis
946 533 1085 593 alimenta
1102 552 1141 594 ex

116 626 222 704 ipsius
236 627 316 686 urbis
330 627 391 686 solo
406 627 670 689 subministrentur.
712 629 878 708 Euphrates
899 629 1049 702 interfluit,
1062 647 1140 705 mag·

116 739 231 798 naeque
254 722 337 780 molis
360 722 588 799 ”crepidinibus
613 729 769 782 codrcetur.
812 723 871 783 sed
893 723 1054 782 ”omnium
1076 741 1138 800 ope·

116 835 194 872 rum
226 816 453 894 magnitudinem
487 817 716 877 circumveniunt
748 837 880 877 cavernae
912 818 1053 894 ingentes,
1080 817 1139 874 ⁸'iu

117 909 312 969 altitudinem
335 931 443 988 pressae
468 911 505 970 ad
527 912 726 988 accipiendum
747 913 886 989 impeturn
899 912 1040 970 fluminis:
1061 911 1139 990 quod

21 999 179 1092 swabi
201 1006 341 1083 appositae
355 1006 510 1084 crepidinis
531 1006 683 1085 fastigium
708 1006 843 1081 excessit,
858 1007 939 1067 urbis
958 1014 1037 1066 tecta
1050 1007 1136 1066 corri-

117 1107 217 1176 peret,
243 1101 299 1159 uisi
324 1107 422 1158 essent
444 1119 546 1177 specus
573 1101 719 1178 lacusque,
741 1101 793 1179 qui
815 1101 990 1178 exciperent.
1032 1099 1138 1160 coctili

117 1194 266 1254 laterculo
295 1195 399 1253 structi
426 1203 500 1254 sunt
552 1195 660 1254 Totum
687 1215 759 1272 opus
780 1196 929 1274 ¹bitumine
957 1196 1136 1274 astringitur.

120 1279 207 1366 Polis
218 1290 358 1367 lapideus,
372 1291 484 1348 flumini
497 1291 658 1368 impositus,
672 1290 690 1319 ⁸⁴
698 1291 798 1369 jungit
810 1291 921 1351 urbem.
949 1291 1010 1349 Hic
1023 1310 1137 1369 quoque
1246 1290 1248 1292 ’

117 1383 204 1442 inter
225 1384 369 1443 mirabilia
393 1384 523 1446 Orientis
547 1404 634 1462 opera
657 1392 826 1444 numeratus
850 1393 913 1447 est:
944 1386 1051 1464 quippe
1079 1381 1162 1444 Eu.

19 1480 105 1544 [05
119 1479 244 1556 phrates
271 1478 362 1538 altum
389 1479 490 1538 limum
507 1481 605 1554 uehit,
631 1480 717 1560 '‘quc
740 1481 857 1558 penitus
884 1481 921 1540 ad
948 1480 1138 1540 fundamenta

126 1573 267 1650 jacienda
294 1582 401 1652 egesto,
430 1575 480 1633 vix
513 1575 702 1634 suffulciendo
729 1575 810 1652 operi
842 1576 956 1634 firmum
989 1575 1138 1652 reperiunt

120 1668 227 1726 solum.
270 1669 379 1728 Arenae
406 1677 501 1728 autem
530 1670 652 1730 subinde
681 1671 843 1742 cumulatae,
868 1678 899 1729 et
923 1671 1010 1744 saxis,
1030 1670 1137 1748 quibus

120 1752 199 1842 pdus
228 1764 396 1838 sustinetur,
425 1785 553 1839 annexae,
585 1774 736 1824 morantur
763 1784 895 1824 amnem:
929 1767 980 1844 qui
1006 1772 1137 1829 retentus

121 1860 232 1934 acrids,
246 1860 334 1937 quam
348 1859 374 1918 si
388 1859 479 1919 libero
494 1879 581 1919 cursu
594 1867 714 1934 mearet,
726 1860 861 1918 illiditur.
904 1861 1011 1918 Arcem
1024 1879 1136 1937 quoque

30 1955 108 2020 fro
121 1955 238 2013 ambitu
259 1955 364 2030 viginti
387 1955 482 2014 stadia
510 1955 687 2032 complexam
710 1954 814 2016 habet:
845 1955 967 2032 triginta
989 1955 1079 2032 pedes
1106 1955 1137 2012 in
1230 2001 1235 2009 .

121 2055 233 2107 terram
261 2051 384 2107 turrium
411 2049 599 2108 fundamenta
626 2049 751 2109 demissa
775 2057 853 2108 sunt.
911 2049 962 2108 Ad
991 2049 1138 2126 octoginta

121 2163 270 2205 summum
284 2144 454 2203 munimenti
468 2145 617 2222 fastigium
632 2144 772 2222 pervenit.

186 2245 212 2298 5.
236 2239 329 2315 Super
344 2260 446 2313 arcem,
462 2239 612 2317 vulgatum
628 2240 795 2300 Graeccrum
808 2240 942 2301 ”fabulis
955 2240 1136 2314 miraculum,

120 2334 250 2413 pensiles
265 2335 341 2393 horti
364 2342 439 2409 sunt,
456 2342 595 2394 summam
609 2355 758 2400 murorum
780 2336 965 2394 altitudinem
978 2343 1136 2413 aequantes,

36 2423 133 2493 tls
122 2431 339 2507 multarumque
367 2429 501 2489 arborum
525 2431 629 2490 umbre
651 2438 681 2489 et
699 2432 874 2508 proceritate
895 2432 1006 2490 amoeni.
1059 2430 1136 2490 Saxo

121 2510 231 2603 ‘'pilae,
255 2544 320 2603 quae
344 2532 440 2583 totum
465 2545 538 2585 onus
561 2526 715 2599 sustinent,
744 2528 894 2585 instructae
914 2534 991 2585 sunt
1041 2525 1135 2605 Super

121 2621 200 2699 pilas
214 2620 309 2698 lapide
323 2620 464 2698 quadrato
485 2620 578 2679 solum
594 2628 717 2679 stratum
738 2629 792 2695 est,
806 2622 919 2698 patiens
940 2627 1035 2695 terrae,
1050 2640 1136 2699 quam

122 2714 215 2785 altam
229 2714 372 2792 injiciunt,
387 2722 417 2774 et
431 2716 568 2789 humoris,
583 2736 639 2794 quo
654 2716 751 2793 rigant
764 2724 866 2789 terras,
882 2715 1010 2793 adebque
1024 2715 1135 2773 validas

122 2811 241 2869 arbores
268 2810 412 2869 sustinent
434 2811 532 2887 moles,
555 2819 590 2869 ut
613 2812 729 2887 stipites
756 2830 856 2869 earnm
882 2817 948 2868 octo
971 2810 1136 2869 cubitorum

41 2900 252 2983 lstpatium
275 2904 466 2963 crassitudine
488 2913 613 2983 aequent,
627 2906 657 2962 in
680 2905 891 2983 quinquaginta
912 2904 1018 2981 pedum
1037 2904 1135 2962 altitu-

123 3001 222 3059 dinem
245 3000 397 3074 emineaut,
412 3008 442 3058 et
464 3000 611 3077 frugiferae
633 3000 716 3079 aequd
738 3000 806 3074 siut,
820 3020 854 3057 aa
874 2999 899 3058 si
920 3003 1000 3058 terrt
1014 3002 1067 3058 sut
1081 2999 1137 3059 ale·

122 3103 233 3154 rentur.
277 3095 326 3171 Et,
346 3095 413 3153 culm
433 3102 561 3154 vetustas
583 3116 639 3154 uon
654 3115 742 3172 opera
763 3096 858 3154 saltim
873 3096 1063 3171 manufacta,
1083 3094 1136 3154 sed

123 3191 213 3283 etipm
229 3190 321 3267 ipsam
335 3196 467 3248 naturam
482 3190 623 3267 paulatim
639 3190 788 3249 exedenda
796 3191 938 3268 perimat:
958 3190 1022 3251 hac
1035 3190 1135 3264 moles,

123 3306 190 3365 quae
213 3292 257 3344 tot
279 3285 413 3345 arborum
435 3284 581 3343 radicibus
604 3285 758 3361 premitur,
772 3286 905 3364 tantique
929 3286 1054 3345 nemoris
1068 3304 1135 3363 pou·
1161 3321 1166 3331 ·

50 3365 193 3465 lsssdere
215 3386 333 3438 onerata
347 3386 400 3452 est,
415 3378 555 3439 inviolata
570 3380 672 3437 durat:
693 3380 801 3457 quippe
816 3380 922 3459 viginti
942 3380 997 3438 lati
1009 3381 1135 3457 parietes

124 3476 280 3549 sustinent,
307 3472 442 3531 undecim
475 3474 581 3551 pedum
609 3475 763 3534 intervallo
790 3475 941 3551 distantes,
967 3482 1003 3533 ut
1034 3473 1136 3551 procul

127 3569 285 3630 uisentibus
299 3568 390 3645 sylvae
402 3569 550 3629 montibus
564 3570 624 3629 suis
645 3570 796 3628 imminere
809 3565 971 3635 rideantur.
1012 3568 1031 3595 ¹⁰
1042 3569 1136 3646 Syrias

124 3666 236 3743 Regem
250 3663 401 3741 Babylone
420 3671 588 3741 regnantem
604 3666 744 3742 hocopus
758 3684 820 3724 esse
835 3664 977 3736 molitum,
989 3662 1136 3724 memoriae

123 3761 270 3839 proditum
292 3766 344 3833 est,
366 3759 388 3787 '⁰
399 3777 495 3817 amore
509 3761 640 3837 conjugis
661 3760 780 3832 victum,
795 3779 869 3838 quae,
884 3756 1028 3816 desiderio
1042 3777 1135 3816 nemu

50 3844 103 3906 ‘3⁴⁴
122 3876 186 3917 rum
220 3855 424 3934 sylvarumque
457 3853 487 3911 in
519 3855 729 3933 campestribus
761 3854 842 3927 locis,
868 3853 963 3914 virum
996 3852 1137 3931 compulit
