2592 4400
172 356 229 413 llll
518 370 658 423 corum
686 372 824 413 suurn

166 514 221 560 rant,
230 508 469 617 pardopwbienudemt
481 508 605 551 Uadorum
619 510 690 561 geute
699 506 808 559 debellstt
823 508 957 549 Ammoniou
969 508 1081 562 culusdsm
1096 508 1186 559 Regin·

166 578 263 629 petitioni
330 577 377 617 ecit

204 641 223 682 t
236 640 362 681 lisoedoues
371 640 484 681 Alexandri
492 640 629 681 oileuduutur
641 640 742 689 moribus,
752 640 788 690 qui
801 640 825 679 ut
837 639 961 679 seditionem
974 642 1087 689 averteret,
1100 640 1127 679 sd
1139 638 1185 679 bel-

166 706 213 747 lum
221 708 286 747 Besso
297 706 430 747 luterendum
443 710 538 747 snauteur
550 708 661 748 convent.
675 706 737 755 Quod
750 710 771 746 et
783 708 930 756 stratagemate
942 706 1040 747 inobost:
1053 718 1079 747 so
1092 706 1186 745 Sstlbm·

166 783 247 821 mnam,
256 773 313 823 ques
325 772 439 824 deiecisset,
448 775 542 825 primum
555 773 704 825 persequitur:
718 772 821 813 Berbaros
833 782 846 811 s
860 770 968 811 montibus
983 772 1066 812 fortiter
1080 772 1185 823 dispellit:

166 838 305 891 drumm
313 841 424 889 expugnet
624 829 629 837 '

203 903 222 944 1.
235 903 408 955 coniuntionenr
421 905 443 944 ln
452 904 597 945 Alexsndrum
605 902 706 954 Dymnus
718 901 856 951 Nicomacho,
865 902 899 943 blo
912 912 950 952 per
962 901 1089 942 Gebellnum
1097 901 1185 941 behem

167 968 287 1008 Alexandro
295 970 379 1020 detegit
406 968 463 1010 illue
471 980 529 1008 mors
537 968 620 1019 Dymni
628 969 664 1019 qul
674 970 719 1018 lpse
727 966 767 1007 sibl
780 978 855 1007 manus
863 966 932 1007 infert

204 1034 222 1074 t
240 1034 364 1074 Anrlmrunr
373 1036 479 1085 regiorum
491 1034 578 1074 consilio
592 1032 688 1073 Philotos
697 1032 843 1072 Psrmenlonle
852 1032 913 1081 illius
923 1032 1072 1083 coniurationis
1081 1034 1155 1081 auctor
1163 1034 1187 1071 et

166 1097 270 1151 Μῶφι
277 1102 375 1149 creditus
383 1102 472 1151 cupitur,
481 1110 507 1140 ao
515 1099 585 1139 velato
594 1099 663 1148 capite
672 1101 693 1139 ln
702 1099 781 1149 regiam
790 1098 907 1139 abducitur.

203 1166 222 1207 i.
235 1166 269 1205 De
282 1167 430 1217 oonlnrslione,
444 1166 545 1207 adeamus
557 1164 665 1205 Pbilotsm
678 1163 843 1215 expostulatorls
855 1163 971 1205 Alexsndri
979 1162 1007 1203 ad
1021 1163 1185 1212 milltesorstlo,

166 1242 238 1271 eorem
246 1231 323 1281 quibus
332 1230 425 1271 l’bllotus
433 1230 537 1271 sdduetus
545 1230 689 1270 defensionem
697 1232 760 1279 peret.

204 1296 234 1335 lt.
248 1295 385 1347 Apologetice
394 1294 484 1334 Philotas
492 1296 564 1343 oratio,
574 1295 615 1345 qui
624 1295 776 1345 conjurationis
785 1294 938 1334 mensationem
947 1292 1028 1343 prolixe
1037 1292 1120 1334 refellit

204 1361 235 1401 11.
249 1361 328 1401 Contio
341 1361 453 1412 aquodam
463 1360 542 1401 Beloue
550 1372 636 1401 occense
644 1361 667 1399 iu
677 1360 783 1401 Pbllotam
793 1361 866 1411 surgit
903 1359 925 1399 Is
933 1358 995 1409 peulb
1007 1362 1061 1410 post,
1071 1362 1097 1399 ut
1104 1370 1127 1400 se
1137 1372 1186 1400 cru·

166 1426 256 1467 clstlbus
273 1425 376 1475 libereret,
394 1426 449 1466 dcte
468 1426 618 1477 eoniorstlonls
636 1426 804 1467 cbonmstautlss
823 1426 891 1477 aperit
909 1436 1000 1474 cumque
1013 1424 1060 1465 allis
1072 1427 1110 1477 qui
1123 1436 1187 1466 accu-

165 1495 241 1532 sentur
248 1490 406 1540 atlioomscbo,
414 1492 470 1533 sexis
482 1491 581 1531 obruitur

216 1668 235 1717 1.
251 1672 271 1718 1.
285 1665 485 1733 [Amsrnnoin
495 1666 685 1732 Asitgrsvibus
691 1665 764 1718 bellis
770 1671 901 1734 occupato,
909 1665 1025 1733 plerique
1036 1668 1188 1717 Graecorum

167 1748 323 1801 occasionem
331 1748 574 1816 circumspiciebant,
583 1748 668 1817 quiin
676 1749 855 1800 libertatemse
863 1754 1016 1800 assererent:
1030 1764 1087 1799 eam
1096 1748 1187 1815 quein-

167 1831 266 1883 reuisse
278 1832 417 1883 credebant
433 1831 461 1881 in
477 1830 591 1883 'lbi-acie
608 1832 728 1891 tumultu,
740 1846 816 1898 quem
833 1832 958 1891 Memnon,
970 1831 1103 1896 prefectus
1119 1830 1187 1881 rnili-

159 1920 230 1984 tum,
242 1914 421 1965 concitaverat
471 1916 555 1965 Duces
565 1911 657 1964 ceteris
668 1911 850 1963 Laoedaemonii
862 1916 941 1973 erant,
955 1911 1007 1980 qui,
1019 1917 1074 1963 toti
1085 1912 1188 1965 Graecid

135 1983 154 2048 5
168 1994 324 2061 temporibus
335 1994 468 2056 serviente,
480 1994 526 2045 soli
542 1994 710 2045 Macedonum
726 1993 891 2044 dominationi
902 1992 1054 2045 restiterant
1090 1997 1115 2045 A
1124 1997 1188 2045 Per·

168 2076 202 2126 eis
212 2075 321 2142 pecunie
332 2077 483 2142 sperebatur
493 2076 527 2126 ad
538 2074 686 2141 ampliorem
696 2074 757 2126 belli
768 2091 847 2125 usum
893 2077 955 2126 Cdm
967 2091 1027 2140 ergo
1037 2075 1186 2142 Antipater,

168 2157 293 2226 quicquid
301 2156 411 2207 militum
421 2158 541 2218 babebat,
554 2156 581 2208 in
591 2156 727 2208 Threciam
738 2155 856 2217 duxisset,
868 2161 963 2207 motum
974 2173 1058 2223 nuper
1069 2163 1188 2208 exortum

169 2255 343 2308 oppressurus,
371 2238 555 2304 Peloponnesii,
584 2237 698 2305 exceptio
722 2238 817 2305 paucis,
845 2239 912 2289 bello
939 2239 1091 2290 Macedones
1113 2239 1188 2291 inve-

169 2321 242 2380 dunt,
259 2317 347 2384 Agidi,
369 2319 616 2370 Lacedaemoniorum
627 2320 690 2385 regi,
702 2337 822 2370 summam
843 2319 945 2386 imperii
962 2321 1110 2382 deserentes,
1129 2323 1188 2380 Quo

121 2406 138 2449 f
158 2400 266 2461 tendito,
288 2399 432 2466 Antipater,
454 2407 593 2468 utcumque
614 2401 707 2468 potuit,
729 2418 769 2451 res
790 2400 818 2451 in
834 2401 942 2452 Thracii
959 2417 1118 2467 componens,
1142 2404 1188 2454 ad-
1281 2445 1282 2464 ,

169 2499 257 2534 versus
274 2485 374 2534 Grecos
390 2481 566 2549 proficiscitur,
585 2482 631 2550 qui
647 2482 782 2550 nescioqui
796 2473 885 2549 ‘pugni
901 2481 996 2543 confisi,
1007 2484 1188 2550 Megulopolim

169 2563 300 2615 obsidione
311 2563 450 2625 cinxerant,
463 2570 489 2614 et
502 2565 557 2632 jum
567 2564 595 2614 in
607 2581 636 2615 eo
648 2571 710 2626 erat,
722 2571 752 2614 ut
771 2570 891 2632 cuperent
902 2563 1032 2630 oppidum,
1044 2567 1102 2616 cdm
1112 2566 1188 2617 Anti·

169 2651 244 2713 pater
254 2663 286 2696 ex
295 2645 445 2697 Macedonit
461 2645 615 2714 supervenit
661 2645 797 2712 Utrimque
809 2646 903 2696 aeriter
913 2651 1051 2712 pugnatur,
1063 2652 1090 2697 et
1107 2665 1188 2714 quun·
1281 2703 1282 2726 Χ

170 2745 248 2795 quum
263 2728 333 2778 locus
343 2728 502 2789 Macedones,
514 2726 560 2794 qui
570 2743 675 2777 numero
686 2727 866 2792 prevalebunt,
877 2743 930 2784 non·
945 2727 1071 2793 capiebat,
1082 2729 1188 2780 irruunt
1281 2741 1282 2802 ζ

113 2799 262 2870 ttamen,
274 2815 374 2874 urgent,
386 2810 476 2860 cedere
487 2814 588 2874 cogunt.
633 2809 708 2868 Quod
717 2807 764 2858 ubi
774 2807 836 2872 Agis
847 2808 985 2875 conspexit,
996 2815 1026 2860 ut
1036 2809 1187 2862 inclinatum
1281 2811 1282 2820 ’

170 2907 273 2942 suorum
294 2890 376 2941 aciem
397 2891 519 2951 firmaret,
542 2889 612 2941 illico
629 2905 689 2940 cum
709 2888 780 2955 regit
796 2891 906 2952 cohorte,
923 2907 980 2958 quae
997 2907 1028 2941 ex
1043 2891 1187 2944 lectissimis

170 2973 311 3032 constabat,
322 2987 349 3022 se
358 2971 387 3022 in
402 2970 526 3041 medium]

548 3071 672 3148 'pugnae
687 3069 841 3130 discrimen
855 3070 1012 3130 'immisit:
1034 3071 1188 3132 obtrunca·
1281 3085 1282 3094 ¹

171 3165 268 3242 iisque
292 3163 342 3242 qui
363 3164 530 3241 promptius
553 3165 737 3240 resistebant,
760 3186 894 3244 maguam
918 3174 1030 3244 partem
1057 3169 1188 3251 hostium

137 3292 145 3324 ς
172 3258 307 3338 propulit.
351 3257 508 3336 (imperent
520 3260 768 3337 fugereyviotores
784 3268 822 3336 et,
833 3260 923 3320 donec
938 3263 1054 3322 avidius
1068 3283 1189 3342 sequen·

172 3364 217 3415 tes
241 3355 270 3413 in
292 3353 411 3433 plenum
436 3353 592 3428 deduxere,
617 3355 702 3413 multi
726 3355 876 3416 cadebant.
920 3357 978 3417 Sed
999 3367 1034 3416 ut
1058 3359 1188 3436 primum
1281 3357 1282 3418 l

172 3453 253 3511 locus
267 3451 367 3530 inquo
382 3457 461 3508 stare
482 3457 601 3527 possent
622 3451 688 3526 fuit,
702 3451 793 3531 eequis
807 3453 919 3512 viribus
941 3453 1109 3512 dimicatum
1131 3465 1187 3514 est.

173 3547 256 3606 Inter
271 3565 370 3606 omues
393 3553 489 3603 tamen
514 3545 748 3606 Lacedaemonios
770 3548 837 3606 Rex
858 3548 1011 3624 eminebat,
1025 3569 1082 3607 non
1097 3571 1189 3609 armo·

174 3663 237 3700 rum
258 3643 344 3701 modd
359 3649 390 3700 et
412 3641 543 3718 corporis
565 3641 670 3718 specie,
686 3643 737 3701 sed
760 3643 847 3702 etiem
867 3645 1067 3722 magnitudine
1088 3647 1187 3720 enimi,
1281 3641 1282 3652 ¹

113 3719 161 3790 λ”ἔ
173 3757 230 3815 quo
254 3757 312 3794 nno
336 3737 413 3795 vinci
436 3755 494 3794 non
515 3737 618 3812 potuit.
672 3737 818 3816 Undique,
842 3757 916 3796 nuno
942 3740 1082 3812 dominiis,
1111 3761 1189 3800 nune
1281 3763 1282 3816 ι

175 3832 289 3890 eminds
302 3832 464 3909 petebatur,
479 3830 588 3910 diuque
607 3851 688 3890 arma
708 3833 921 3908 circumferens,
936 3835 993 3892 ulia
1013 3834 1073 3894 tele
1086 3835 1189 3914 clypeo
1281 3879 1282 3930 p
