2592 4400
1290 282 1291 319 l

165 343 204 402 56
511 357 650 408 carrus
676 356 817 400 onarn

1290 468 1292 501 l

63 497 80 554 6
91 479 161 546 π
225 495 282 556 ΙΧ.
305 501 351 555 33.
374 498 417 556 At
431 495 539 554 Darius
552 497 622 554 edm
634 495 672 556 ab
682 495 814 578 AEgypto
827 475 1026 556 divertissoin
1039 495 1198 554 Africam
1290 508 1291 567 l

165 589 278 649 bostem
292 591 485 668 comperisset,
498 589 691 665 dubitaverat,
702 597 838 650 utrumne
847 591 923 649 cirea
935 589 1197 666 Mesopotamiam
1290 574 1291 649 l

166 684 365 759 'subsisteret
380 705 416 744 an
430 685 569 752 interiora
588 685 671 762 regni
689 686 736 744 aui
755 691 885 762 peteret3
908 685 1004 742 'band
1024 683 1113 742 dubii
1132 703 1194 761 po·
1290 664 1291 749 l

165 779 273 839 tentior
281 787 382 839 auctor
391 797 518 857 praesens
532 780 647 838 futurus
658 779 770 839 ultimis
780 780 917 858 gentibus
926 779 1051 856 impigre
1065 779 1194 838 bellum
1290 776 1291 813 ³

165 873 341 952 capessendi,
355 895 427 954 quaa
440 874 583 954 regreper
605 857 767 934 Praefectos
781 893 849 933 anos
862 874 1043 934 moliebatur.
1085 871 1191 946 ‘sem
1274 899 1281 919 o

89 957 112 1030 d
117 957 199 1032 Μῖνι
212 968 323 1028 idoneis
337 971 502 1030 auctoribus
512 970 589 1028 fama
597 968 736 1046 vulgavit,
747 969 948 1028 Alexandrum
961 987 1027 1026 cnm
1040 967 1192 1026 omnibus

164 1064 264 1140 copiis,
279 1083 488 1144 quamcumque
509 1066 570 1144 ipse
585 1064 708 1124 adiisset
727 1064 882 1142 regionem,
894 1063 1063 1140 petiturum,
1078 1061 1190 1120 ‘haud
1290 1092 1291 1149 3

164 1157 289 1238 munus,
311 1160 400 1238 quiam
423 1180 488 1218 cum
513 1167 629 1219 strenuo
654 1178 701 1219 rea
724 1165 810 1232 esset,
831 1159 926 1216 omnia
951 1157 1189 1234 longinquarum

163 1253 294 1332 gentium
311 1254 420 1312 auxilia
443 1252 623 1330 Babylonem
645 1253 778 1312 contrahi
795 1253 893 1331 jussit
933 1251 1095 1323 Bactriani,
1106 1250 1188 1328 Scy·

165 1347 290 1426 thaaque,
317 1356 347 1406 et
371 1348 439 1407 Indi
463 1354 664 1407 convenerant.
706 1348 777 1407 «Iam
801 1357 832 1407 et
855 1354 1023 1407 caeterarum
1046 1347 1187 1423 gentium

84 1429 138 1496 W
145 1419 255 1520 ''cropioe
267 1443 277 1470 ⁸
284 1442 416 1519 partibus
428 1443 514 1501 simul
524 1443 674 1502 affuerunt.
718 1442 866 1504 (laetardm
875 1443 943 1500 edm
954 1440 1074 1499 dimidio
1085 1441 1185 1499 ferme
1204 1439 1207 1442 ’

164 1539 257 1614 major
280 1545 357 1598 esset
380 1538 535 1613 exereitus,
555 1540 643 1616 quem
667 1538 697 1596 in
722 1537 828 1599 cilicia
851 1539 955 1611 fuerat,
968 1534 1072 1595 multis
1095 1553 1185 1593 arma
1290 1552 1291 1583 t

165 1630 302 1708 deerant,
324 1651 389 1710 quae
403 1635 514 1692 summe
528 1635 599 1691 cura
619 1633 866 1709 comparabantur.
910 1631 1069 1710 Equitibns
1083 1631 1182 1708 equia-

164 1743 222 1806 quq
235 1733 403 1804 tegumenta
417 1734 500 1786 erant
511 1747 547 1786 ex
557 1728 660 1786 ferreis
673 1728 795 1803 laminis,
806 1729 881 1808 serie
895 1727 971 1784 inter
981 1745 1013 1784 se
1027 1724 1178 1784 connexis.

164 1818 275 1925 ‘queis
289 1823 375 1880 antea
389 1829 495 1900 praeter
506 1821 603 1898 jacula
616 1822 690 1880 nihil
703 1822 832 1894 dederat,
843 1829 927 1880 senta
939 1820 1086 1898 gladiique
1101 1818 1178 1895 adji·
1290 1822 1291 1827 ’

82 1891 330 1976 dilatabantur:
352 1936 545 1996 meorumque
560 1917 715 1976 'domandi
733 1936 836 1995 greges
855 1916 1002 1994 peditibus
1023 1913 1179 1972 distributi
1290 1912 1291 1921 ’

165 2017 249 2070 sunt:
270 2018 305 2070 ut
318 2013 411 2088 major
424 2012 546 2088 pristino
556 2020 634 2072 esset
647 2012 808 2091 equitatns;
824 2013 989 2090 ingensque,
1000 2017 1035 2068 nt
1047 2008 1194 2068 credide·
1255 2049 1260 2057 ⁴

164 2112 222 2179 rat,
237 2112 331 2164 terror
344 2105 479 2180 hostium,
495 2106 625 2170 ducentae
638 2106 754 2166 falcatae
773 2106 946 2185 ‘quadrigae
961 2105 1097 2164 ’unicum
1110 2103 1178 2162 illa·

125 2226 127 2231 ·
164 2220 230 2287 rum
243 2201 373 2279 gentium
388 2201 538 2271 auxilium,
553 2209 661 2261 secntae
674 2207 751 2260 sunt.
794 2202 843 2261 le
857 2220 969 2259 summo
983 2209 1097 2259 temone
1111 2198 1178 2256 bas·

166 2302 205 2355 tae
218 2296 344 2372 praefixae
358 2296 434 2355 ferro
448 2295 622 2361 eminebant.
663 2296 819 2375 Utrimque
833 2316 851 2354 a
867 2298 938 2373 jugo
952 2302 1047 2355 ternos
1061 2294 1178 2353 direxe·
1218 2315 1239 2330 ··
1290 2361 1291 2368 ἵ

165 2396 232 2450 rant
245 2389 375 2466 gladios,
398 2398 427 2449 et
441 2390 516 2449 inter
529 2390 625 2451 radios
639 2398 769 2449 rotarum
788 2391 873 2468 plura
886 2389 997 2467 spicula
1010 2387 1178 2449 eminebant
1290 2379 1291 2386 '

166 2485 196 2543 in
210 2484 370 2543 adversum.
412 2484 490 2545 Aliae
505 2484 610 2543 deinde
628 2485 718 2544 falces
735 2485 881 2544 ”summis
903 2493 1033 2543 rotarum
1052 2482 1178 2542 orbibus
1290 2527 1291 2548 ,

165 2578 321 2656 haerebant,
335 2586 365 2637 et
380 2580 399 2607 ¹¹
410 2579 476 2639 aliae
489 2581 519 2637 in
533 2586 638 2639 terram
659 2580 801 2654 demissae,
815 2573 958 2659 quidquid
978 2568 1096 2640 obvium
1109 2598 1178 2637 eon·

166 2674 264 2733 citatis
278 2674 359 2753 equis
372 2674 485 2749 fnisset,
500 2682 702 2750 amputatnrae.
856 2736 861 2743 ,

4 2818 6 2839 2
226 2774 272 2829 34.
297 2771 364 2830 Hoc
378 2770 462 2829 modo
477 2772 619 2829 instructo
634 2770 775 2844 exercitu,
790 2788 824 2827 ac
836 2775 1007 2847 perarmato,
1022 2768 1177 2845 Babylone

4 2856 5 2885 ³
91 2853 262 2943 meumes
276 2866 374 2925 movit.
417 2865 446 2922 A
460 2872 542 2943 parte
556 2864 661 2924 dextra
687 2872 750 2923 erat
764 2864 868 2941 ,Tigris
892 2864 1029 2923 ¹¹¹nobilia
1050 2864 1174 2923 fluvius:

166 2960 268 3019 laevam
288 2961 406 3039 tegebat
428 2958 610 3036 Euphrates:
632 2980 736 3038 agmen
756 2958 975 3036 Mesopotamiae
996 2978 1110 3035 campos
1123 2959 1174 3015 im·
1249 2982 1254 2993 ·

165 3053 305 3133 ploverat.
348 3054 431 3132 Tigri
453 3053 558 3113 deinde
581 3061 724 3131 superato,
737 3055 805 3112 culm
824 3053 957 3113 audisset
976 3052 1054 3112 haud
1067 3053 1175 3132 procul
1290 3093 1291 3096 =

166 3150 266 3209 abesse
289 3149 411 3221 hostem,
444 3148 628 3227 Satropatem
652 3148 783 3227 equitum
814 3149 983 3225 praefeotnm
1006 3167 1071 3205 curn
1094 3147 1175 3206 mille

166 3244 288 3303 delectis
302 3242 451 3321 praemisit,
468 3242 577 3303 Mazaeo
592 3243 719 3303 Praetori
733 3262 785 3301 aex
799 3243 892 3301 millia
905 3242 1099 3321 data,qnibue
1113 3239 1176 3300 hos·⁸
1246 3303 1258 3327 0
1290 3231 1291 3238 ἵ

17 3352 21 3356 ·
106 3315 225 3399 “item
236 3338 361 3399 transitu
374 3338 466 3411 amnis
480 3345 599 3397 arceret.
642 3337 774 3397 ¹·1lidem
787 3337 1175 3414 mandatnmutregionem,

166 3455 252 3514 qnam
277 3432 446 3492 Alexander
470 3438 547 3510 esset
570 3431 711 3506 aditurus,
733 3431 932 3511 popularetur,
952 3439 1039 3510 atqua
1062 3439 1174 3490 ureret:

166 3529 272 3609 quippe
296 3528 442 3602 eradebat,
456 3527 553 3605 inopia
576 3526 717 3588 debellari
737 3547 820 3606 posse
841 3528 914 3585 nihil
934 3528 1097 3602 habentem,
1118 3528 1176 3585 nisi

167 3624 243 3702 quod
258 3622 396 3701 rapiendo
411 3626 589 3701 occupasset
633 3621 697 3699 Ipsi
711 3629 808 3681 autem
828 3629 1011 3696 commeatus,
1026 3622 1077 3679 alii
1090 3625 1175 3696 terra,

167 3719 219 3777 alii
239 3718 322 3799 Tigri
345 3737 428 3777 amne
449 3717 691 3779 subvehebantur.
733 3717 804 3776 Jam
827 3724 997 3794 pervenerat
1011 3716 1176 3777 Arbelnni-
1251 3786 1257 3803 ἱ

92 3798 143 3891 ff]
150 3797 242 3889 voum,
257 3814 275 3843 ¹*
283 3813 408 3875 nobilem
421 3816 475 3873 suc
497 3812 579 3873 clade
592 3814 732 3873 facturus.
775 3812 836 3872 Hic
859 3819 1070 3871 commeatuum
1091 3814 1177 3872 sarci·

1281 3887 1292 3964 l
