2592 4400
397 353 519 393 urana
550 353 602 392 vr.
635 354 720 393 cnr.
750 354 802 393 x1.
1057 334 1111 391 13⁷

88 491 211 551 medico
225 492 302 571 Regi
312 493 418 569 parari,
433 492 580 550 deterrere
588 510 654 550 eum
664 492 757 553 voluit
771 491 896 570 epistola
911 492 1027 570 scripta,
1042 510 1111 569 quo·

87 588 197 645 mimis
208 588 449 645 medicamentum
463 586 585 661 biberet,
600 588 679 665 quod
689 588 818 647 medicus
833 588 901 647 dare
912 588 1109 646 constituerat.

89 684 178 741 Num
193 683 336 741 creditum
350 691 395 741 est
408 684 486 761 patri
499 684 589 742 meo?
629 683 709 741 Num
724 684 814 741 ullam
829 684 1032 742 auctoritatem
1046 684 1111 759 ejus

87 778 205 837 litterae
220 778 410 837 habuerunt?
450 778 515 857 Ego
535 778 605 855 ipse,
620 778 735 857 quoties
759 798 823 857 quaa
837 778 984 837 audieram
1007 776 1110 852 detuli,

87 892 162 931 cum
176 872 306 931 ludibrio
320 864 501 931 dredulitatis
515 873 649 950 repulsus
664 892 738 931 sum·
767 872 800 932 Si
814 879 844 931 et
858 873 925 930 culm
940 872 1109 947 indicamus,

87 968 201 1043 invisi3
238 976 267 1026 et
294 970 362 1027 crim
389 976 528 1043 tacemus,
553 968 681 1046 suspecti
709 987 817 1042 sumus,
845 968 916 1046 quid
944 967 1037 1025 iacere
1058 986 1111 1025 uos
1127 953 1135 979 ⁵

87 1062 261 1140 oportet?”
316 1063 450 1141 Oquue
476 1083 551 1121 unus
578 1082 595 1121 e
621 1063 870 1121 circumstantium
903 1062 991 1122 turbt
1019 1062 1112 1120 excla-

87 1163 215 1232 masset,
231 1159 253 1187 ¹¹
265 1162 282 1192 ‘⁶
294 1159 504 1244 Bendmeritis
517 1179 575 1216 non
595 1159 746 1217 insidiari:
758 1160 774 1189 '²
797 1158 939 1232 Philotas,
955 1160 973 1191 “
985 1157 1110 1231 Recress’

86 1254 200 1330 inquit,
216 1254 375 1333 “quisquis
389 1272 429 1328 ea,
444 1254 525 1312 dicis.
569 1253 673 1331 Itaque
688 1254 713 1312 si
734 1254 889 1311 insidiatus
910 1272 982 1327 sum,
997 1272 1110 1330 poenam

87 1370 152 1408 nou
168 1349 327 1426 deprecor:
348 1356 379 1407 et
400 1350 486 1407 finem
508 1349 583 1407 facio
597 1349 720 1423 dicendi,
736 1348 871 1427 quoniam
893 1349 999 1407 ultima
1022 1348 1110 1407 verba

86 1446 197 1525 gravia
210 1453 279 1503 sunt
292 1445 355 1503 visa
374 1445 493 1504 auribus
506 1445 644 1504 vestris.”
686 1445 854 1505 Abducitur
879 1444 983 1503 deinde
1005 1444 1042 1504 ab
1062 1444 1108 1520 iis,

89 1542 146 1621 qui
161 1540 366 1604 custodiebant
380 1560 453 1599 eum.

153 1636 214 1694 XI.
238 1638 284 1695 30.
308 1635 382 1695 Ilrat
404 1637 482 1694 inter
504 1617 592 1694 dudes
605 1656 693 1693 manu
717 1642 852 1695 strenuus
874 1635 967 1693 Belou
981 1634 1108 1715 quidam,

58 1784 66 1789 ,
87 1732 174 1809 pacis
189 1731 296 1789 artium
310 1738 341 1788 et
355 1731 469 1789 ¹civilis
494 1731 614 1790 habitus
634 1730 725 1806 rudis,
739 1738 826 1791 vetus
846 1731 939 1803 miles,
955 1730 992 1790 ab
1006 1731 1110 1789 humili

88 1827 197 1885 ordine
224 1826 262 1883 ad
290 1846 355 1884 eum
381 1826 514 1905 gradum,
539 1826 570 1884 in
597 1846 655 1903 quo
682 1833 752 1883 tunc
775 1832 846 1900 erat,
869 1833 1037 1903 promotus3
1059 1826 1109 1903 qui

88 1921 259 1981 tacentibus
274 1921 398 1995 caeteris,
414 1921 522 1979 stolida
537 1921 658 1979 audacia
672 1921 764 1994 ferox,
779 1920 933 1978 admonere
948 1938 998 1978 eos
1012 1921 1108 1996 coepit,

89 2019 106 2050 ‘⁴
115 2018 236 2095 quoties
250 2016 311 2074 suis
332 2016 453 2094 quisque
468 2015 663 2090 ’diversoriis
678 2034 744 2093 quae
764 2019 961 2092 occupassent,
976 2012 1110 2073 deturba·

88 2119 142 2170 tua
155 2118 242 2186 esset,
256 2119 290 2169 ut
304 2110 314 2139 ⁸
326 2118 515 2188 purgamenta
534 2130 683 2170 servorum
706 2110 834 2169 Philotae
855 2110 1051 2187 reciperentur
1065 2110 1109 2183 eo,

88 2209 171 2266 unde
205 2207 415 2265 commilitones
449 2206 627 2284 expulisset:
664 2226 733 2265 auro
766 2214 943 2286 argentoque
975 2206 1110 2266 vehicula

90 2306 157 2381 ejus
182 2311 288 2361 onusta
310 2303 381 2361 totis
401 2303 474 2362 vicis
501 2302 635 2362 stetisse:
665 2322 698 2360 ac
724 2323 761 2361 ne
788 2303 818 2360 in
839 2302 971 2360 viciniam
992 2301 1110 2379 quidem

90 2399 248 2458 diversorii
266 2418 437 2476 quemquam
459 2398 686 2457 commilitonum
707 2405 853 2476 receptum
874 2416 956 2456 esse:
978 2397 1038 2471 aed,
1059 2417 1109 2474 per

89 2513 166 2574 quos
190 2493 345 2570 dispositos
371 2512 457 2570 supra
479 2512 610 2551 somnum
633 2493 766 2567 habebat,
789 2511 887 2552 omues
909 2493 1010 2570 procul
1038 2492 1106 2550 rele·

88 2597 186 2669 gatos,
201 2609 238 2648 ne
251 2589 386 2648 ⁴focmina
400 2589 453 2647 illa
474 2589 715 2648 murmurantium
736 2590 857 2648 interae
878 2589 995 2648 silentio
1008 2588 1109 2647 verius

88 2686 180 2764 quam
194 2703 271 2759 sono,
286 2683 469 2742 excitaretur.
512 2683 655 2744 Ludibrio
670 2683 697 2742 ci
709 2682 801 2741 fuisse
815 2683 958 2740 'rusticos
970 2680 1108 2754 homiues,

89 2775 281 2858 Phrygasque
294 2785 324 2837 et
343 2777 546 2857 Paphlagonas
560 2778 734 2856 appellatos;
757 2777 826 2856 0qui
845 2795 903 2835 non
923 2775 1108 2849 erubesceret,

89 2874 216 2935 Macedo
237 2879 331 2947 natus,
345 2871 495 2931 'homines
515 2872 622 2951 liuguae
642 2891 704 2931 suae
723 2891 775 2949 per
795 2871 979 2947 interpretem
1000 2868 1107 2928 audire.

90 2969 353 3032 (lurHammonem
366 2968 479 3026 consuli
488 2969 577 3029 vellet
592 2967 733 3043 eumdem,
745 2969 829 3044 cujus
840 2966 983 3044 arguisset
995 2964 1109 3023 menda

89 3068 176 3140 cium,
192 3064 393 3124 Alexandrum
405 3063 496 3122 filium
516 3063 718 3144 agnoscentis?
737 3063 867 3122 ⁸scilicet
881 3061 998 3138 veritus,
1012 3081 1048 3120 ne
1068 3061 1109 3120 in·

88 3162 238 3221 vidiosum
257 3166 343 3235 esset,
363 3160 439 3239 quod
460 3159 511 3219 Dii
533 3160 674 3220 offerrent.
723 3157 795 3220 (lbnr
817 3158 1002 3219 insidiaretur
1021 3157 1110 3235 capiti

90 3258 184 3337 Regis
198 3263 229 3315 et
241 3255 335 3331 amici,
348 3274 407 3314 non
420 3254 594 3315 consuluisse
608 3275 674 3314 eum
688 3255 711 3314 J
712 3275 792 3315 ovem
803 3275 810 3332 3
825 3273 901 3312 nunc
914 3254 951 3313 ad
962 3255 1110 3313 oraculum

89 3353 217 3426 mittere,
231 3351 302 3410 dum
315 3356 397 3428 pater
410 3353 474 3427 ejus
487 3350 692 3409 sollicitaretur
712 3352 762 3429 qui
783 3350 884 3428 praesit
904 3350 935 3408 in
949 3349 1059 3424 Media,
1080 3353 1109 3406 et

90 3447 222 3527 pecnnia,
255 3466 300 3506 uae
313 3448 375 3523 ejus
388 3446 526 3506 custodiae
540 3445 694 3506 commissa
711 3447 758 3521 sit,
773 3446 902 3524 perditos
921 3443 1050 3503 homines
1071 3441 1109 3500 ad

91 3544 259 3605 societatem
272 3541 388 3601 sceleris
402 3542 539 3619 impellat.
582 3542 667 3620 Ipsos
680 3541 820 3601 missuros
835 3542 871 3600 ad
882 3539 1036 3613 oraculum,
1051 3557 1109 3596 uon

91 3641 142 3720 qui
163 3640 271 3699 Jorem
292 3625 478 3716 interrogent,
500 3637 577 3716 quod
598 3657 635 3696 ex
656 3637 738 3716 Rege
759 3635 958 3716 cognoverint,
987 3633 1038 3692 sed
1058 3633 1108 3711 qui

92 3735 202 3815 gratias
215 3739 313 3813 agant,
326 3731 378 3810 qui
390 3738 460 3792 vcta
473 3750 526 3808 pro
547 3731 745 3790 incolumitate
768 3730 859 3809 Regis
880 3727 981 3806 optimi
1002 3727 1109 3805 persol-

92 3831 188 3891 rant”
229 3828 308 3888 Tum
319 3828 388 3888 vero
408 3826 545 3887 universa
565 3826 665 3886 concio
686 3845 805 3886 accensa
825 3830 879 3899 est,
894 3829 924 3882 et
943 3843 961 3883 a
981 3821 1108 3902 corporis
