2592 4400
177 376 232 437 15⁰
461 432 467 441 ,
521 392 669 440 ourani
694 391 853 435 bunun·

173 532 277 593 diebus
299 538 417 611 gentem
444 530 655 611 Euergetarum
682 531 834 607 ordinavit,
862 534 967 611 magne
996 530 1119 610 pecumt
1145 532 1187 592 ob

172 628 316 707 egregiam
340 627 372 687 iu
395 626 505 706 Cyrum
528 628 612 687 iidem
637 628 754 687 donata.
797 628 913 687 Relicto
934 626 1050 702 deiude,
1070 628 1121 706 qui
1146 628 1187 685 iis

172 730 320 801 praesset,
334 722 504 797 Armeuide,
518 724 625 799 (scriba
646 724 672 781 is
687 724 770 783 Darii
794 722 900 800 fuerat)
916 723 1104 797 Arachosios,
1118 742 1189 801 quo·
1265 741 1268 757 ¹

173 838 237 878 rum
250 818 331 898 regio
345 817 383 877 ad
407 818 563 877 Ponticum
586 838 665 877 mare
686 819 822 897 pertinet,
844 818 965 895 subegit.
1008 817 1057 877 Ibi
1079 818 1188 876 exerci-

174 920 232 988 tus,
245 912 297 992 qui
317 913 373 974 snb
391 912 584 974 Parmenione
605 914 710 987 tuerat,
725 914 860 973 ooonmit.
903 912 962 973 Sex
982 912 1076 971 millia
1090 912 1189 971 Mace

173 1008 281 1067 donum
304 1016 394 1084 erant,
415 1015 447 1067 et
471 1007 588 1067 ducenti
612 1008 733 1085 nobiles,
757 1016 787 1067 et
810 1008 936 1087 quiaque
959 1007 1051 1067 millia
1072 1006 1190 1067 Graeco-

163 1088 246 1180 ¹rum,
273 1124 339 1164 oum
373 1104 519 1183 equitibus
546 1104 688 1178 ducentis,
715 1104 794 1163 haud
828 1103 916 1166 dubie
941 1103 1030 1163 robur
1056 1104 1191 1162 omnium

173 1200 280 1261 virium
304 1199 404 1278 Regis.
446 1199 616 1263 Arachosfis
640 1199 728 1259 datus
750 1200 887 1259 Memnon
911 1198 1035 1273 Praetor,
1058 1204 1193 1276 quatuor

173 1294 304 1355 millibus
317 1295 457 1373 peditum,
471 1302 502 1354 et
515 1296 660 1355 sexcentis
670 1296 817 1379 equitibus
831 1295 861 1354 in
871 1294 1038 1373 praesidium
1051 1293 1176 1351 relictis.

238 1392 281 1447 10.
305 1389 372 1467 Ipse
394 1390 461 1449 Rex
474 1391 620 1475 nationem
642 1411 679 1450 no
699 1391 830 1449 finitimis
851 1390 968 1469 quidem
991 1389 1192 1461 aetianorum,

174 1483 282 1563 quippo
294 1485 376 1545 nullo
389 1487 558 1545 commercio
572 1488 714 1546 colentem
737 1494 854 1545 mutuos
872 1504 953 1560 usus,
967 1504 1033 1543 oum
1054 1484 1195 1543 exercitu

174 1580 303 1639 meavit.
345 1579 579 1659 Parapamisadis·
588 1581 788 1660 appellantur;
804 1588 916 1660 agreste
926 1580 1073 1639 hominum
1086 1596 1193 1657 genus,
1273 1587 1278 1602 ''

176 1681 207 1734 et
233 1675 311 1735 iuter
340 1676 479 1737 barbaros
504 1676 630 1735 maxime
658 1676 854 1735 inconditum:
889 1676 1017 1735 locorum
1045 1674 1195 1751 asperitas

175 1770 324 1830 bominum
344 1789 458 1850 quoque
481 1772 598 1850 ingenia
624 1771 786 1831 duroverni.
829 1770 1047 1831 Gelidissimum
1069 1768 1194 1845 Septen·

177 1867 282 1927 triouis
304 1886 389 1926 axem
411 1886 447 1925 ex
459 1870 565 1945 magna
585 1874 667 1945 parte
688 1873 824 1944 spectant.
867 1866 1031 1925 Bactrianis
1046 1863 1083 1922 ad
1105 1862 1195 1923 Occi·

177 1962 295 2023 dentem
318 1962 465 2040 conjuncti
486 1970 563 2021 sunt
607 1962 772 2021 Meridiana
793 1961 888 2041 Regio
903 1961 940 2019 ad
961 1979 1039 2019 mare
1052 1958 1195 2017 Indicum

177 2058 281 2137 vergit.
333 2057 577 2136 unguielaeta
604 2056 717 2135 'primb
745 2063 869 2117 struunt.
926 2054 968 2115 Et
991 2054 1060 2133 quia
1080 2054 1196 2120 sterilis

178 2161 224 2214 est
251 2159 330 2214 terra
351 2153 490 2228 mamma,
514 2152 545 2212 iu
568 2152 647 2212 nudo
671 2153 758 2212 etiam
785 2152 891 2213 montis
919 2151 1013 2228 dorso,
1040 2149 1196 2230 usquead

179 2268 324 2308 nmmum
354 2248 539 2308 adifieinm
565 2249 715 2327 fastigium
742 2249 861 2308 'eodem
887 2247 1028 2306 laterculo
1056 2253 1193 2306 utuntur.

181 2342 331 2404 Oaeterdm
345 2351 491 2403 structura
503 2345 590 2404 latior
611 2345 648 2405 ab
669 2345 736 2418 imo,
750 2344 891 2422 paulatim
904 2345 1081 2404 incremento
1096 2343 1195 2420 operis

179 2439 210 2497 in
233 2438 343 2497 arctius
365 2441 496 2518 cogitur3
528 2441 566 2499 ad
588 2441 724 2500 ultimum
745 2443 774 2498 in
802 2441 907 2500 carinas
926 2440 1053 2498 maxime
1073 2438 1195 2497 modum

180 2540 248 2592 coit.
291 2533 340 2594 Ibi
361 2535 634 2611 foramine-relicto,
650 2538 774 2614 superne
797 2537 894 2596 lumen
908 2536 1061 2613 accipiunt.
1106 2534 1195 2593 Vites

180 2636 213 2690 et
233 2629 360 2705 arbores,
385 2630 411 2688 si
436 2651 502 2709 quaa
521 2631 552 2690 iu
572 2639 655 2690 tanto
676 2640 762 2690 terrae
781 2633 876 2709 rigore
897 2631 1002 2690 durare
1022 2635 1194 2708 potuerunt,

181 2726 327 2802 obruunt3
361 2726 477 2804 penitus
506 2726 608 2803 hyeme
637 2726 760 2786 defossae
788 2727 899 2786 latent:
934 2727 1011 2799 edm,
1040 2726 1108 2786 nive
1138 2725 1195 2784 dis

181 2823 276 2897 amsa,
298 2821 404 2898 aperiri
428 2821 533 2881 humus
556 2821 653 2900 coepit,
675 2822 748 2880 caelo
771 2823 882 2901 solique
905 2820 1073 2880 redduntur.
1133 2819 1196 2880 θω-

183 2919 279 2977 terrim
292 2917 365 2976 aded
378 2917 447 2976 altas
459 2917 541 2976 nives
554 2924 689 2995 premunt
703 2925 818 2992 terram,
832 2917 901 2994 gelu
914 2923 944 2974 et
963 2922 1106 2994 perpetuo
1119 2915 1194 2994 pene

182 3013 278 3089 rigore
302 3012 473 3085 constrictae,
495 3019 529 3070 ut
552 3032 589 3071 ne
613 3013 710 3070 avium
731 3012 848 3090 quidem
870 3013 974 3071 feraeve
995 3010 1087 3069 ullius
1108 3011 1196 3070 vesti·
1277 3025 1278 3028 ’

183 3107 264 3186 gium
288 3113 392 3164 exstet
436 3105 570 3167 Obscura
589 3107 654 3166 ooeli
674 3108 774 3166 veritis
797 3105 908 3180 umbra,
929 3107 1017 3186 quam
1039 3106 1101 3181 lux,
1116 3106 1196 3166 nocti

185 3200 290 3261 similis
302 3200 410 3277 premit
422 3208 539 3276 terram,
550 3203 601 3262 vix
614 3210 649 3260 ut
662 3222 727 3282 quae
736 3205 827 3281 prope
841 3208 917 3284 sapt,
933 3201 1060 3278 conspici
1073 3202 1194 3278 possint.

250 3300 292 3356 li.
315 3294 353 3354 Iu
367 3295 422 3353 hac
436 3304 533 3354 tamen
546 3297 639 3356 omnis
659 3297 777 3356 humani
791 3297 891 3356 oultds
905 3295 1060 3355 solitudine
1075 3296 1198 3357 destitu-

186 3402 235 3453 tus
258 3391 411 3467 exercitus,
437 3391 578 3470 quidquid
604 3391 745 3450 malorum
772 3391 891 3451 tolerari
917 3397 1023 3468 potest,
1051 3393 1196 3467 pertulit:

187 3488 321 3566 inopiam,
343 3486 445 3564 frigus,
460 3484 669 3563 lassitudinem,
683 3486 921 3564 desperationem.
965 3485 1078 3544 Multos
1102 3488 1198 3546 exani·

187 3585 278 3642 mavit
290 3582 369 3660 rigor
390 3580 525 3640 insolitus
546 3580 640 3641 nivis:
661 3581 817 3640 multorum
831 3579 961 3639 ‘adussit
982 3580 1088 3658 pedes:
1110 3581 1199 3657 pluri·

188 3699 300 3751 morum
322 3677 414 3737 oculis
435 3676 580 3754 praecipud
601 3676 798 3753 perniciabilis
820 3677 885 3735 fuit
929 3675 1060 3754 Fatigati
1084 3694 1200 3755 quoque

189 3775 219 3832 in
233 3775 296 3851 ipso
309 3773 378 3851 gelu
399 3773 562 3831 deficientia
584 3791 703 3849 corpora
725 3771 911 3832 sternebant:
932 3772 1078 3848 quaeadm
1091 3772 1201 3830 moveri

189 3868 344 3948 deciscant,
360 3867 404 3929 vis
416 3866 534 3946 frigoris
548 3867 593 3926 itt
605 3865 794 3944 astringebat,
808 3873 842 3924 ut
856 3867 958 3924 rursds
972 3865 1008 3924 ad
1023 3866 1201 3945 surgendum
