2592 4400
170 246 231 307 aot
518 260 659 311 corurr
689 260 830 315 cornu

104 395 108 402 ’
171 401 322 475 absistere,
344 401 422 460 fama
441 399 620 479 vulgarent
674 398 795 477 Inopem
823 398 936 459 consilii
970 398 1192 473 Alexandrum,

170 498 240 577 qnia
252 495 380 573 undique
395 514 524 573 praeceps
543 503 574 553 ct
597 494 723 573 abrupto
743 514 830 572 rupes
851 502 921 571 erat,
938 495 1054 553 ¹senior
1067 495 1193 573 quidam

171 592 282 671 peritus
308 590 438 649 locorum
461 609 527 649 cum
553 589 667 651 duobus
691 590 760 649 liliis
784 589 866 664 adiit,
887 588 932 649 ’si
954 590 1080 667 pretinm
1106 590 1194 667 operi
1275 586 1279 669 ἶ

171 693 257 759 esset,
271 684 384 746 aditum
409 702 440 743 ee
459 690 689 743 monstraturum
714 703 778 744 esse
801 683 982 762 promittens.
1028 683 1194 763 Octoginta
1278 682 1279 743 l

171 780 282 840 talenta
294 780 449 839 constituit
463 779 601 839 daturum
621 779 802 849 Alexander,
816 786 846 837 et
869 778 961 837 altero
975 798 1012 837 ex
1029 780 1194 855 juvenibus

172 874 273 935 obside
293 882 416 948 retento,
431 874 527 951 ipsum
540 874 579 932 ad
600 873 793 952 exsequenda,
807 892 874 951 quae
894 873 1050 945 obtulerat,
1065 874 1195 933 dimisit.
1278 894 1279 897 ¹

174 970 293 1029 Leviter
305 970 425 1029 armatis
447 970 507 1027 dux
530 969 617 1029 datus
631 975 677 1027 est
703 968 847 1027 Mullinue
861 968 956 1028 scriba
976 968 1077 1047 Regis.
1122 970 1195 1029 Hos

173 1066 250 1125 enim
264 1066 398 1140 circuitu,
412 1085 469 1143 qao
483 1064 620 1123 fallerent
632 1064 755 1137 bostem,
770 1065 801 1122 in
815 1083 957 1123 summum
976 1067 1079 1141 jugum
1093 1065 1194 1141 place·
1278 1118 1279 1143 ,

174 1161 226 1223 bat
251 1161 383 1221 evadere.
426 1160 516 1219 Petra
537 1178 594 1217 non
619 1166 654 1217 ut
677 1159 822 1237 pleraeque
846 1158 967 1217 modicis
992 1178 1026 1217 ac
1049 1160 1194 1220 mollibus
1278 1202 1279 1209 ι

100 1301 105 1311 .
173 1257 257 1316 olivis
284 1257 315 1314 in
339 1256 462 1315 sublime
482 1254 632 1331 fastigium
659 1254 772 1327 crescit,
798 1254 850 1313 sed
876 1253 908 1311 in
932 1254 1040 1313 ’metes
1064 1256 1194 1313 maxime

174 1351 292 1411 medum
315 1364 413 1409 erecta
440 1356 504 1409 est:
533 1351 617 1425 cnjus
644 1349 702 1407 ime
730 1336 901 1426 spatiosiora
926 1356 1004 1425 sunt,
1027 1350 1135 1409 altiora
1162 1352 1195 1409 in

173 1446 283 1505 arctius
305 1450 420 1520 cedant,
433 1462 544 1502 summa
564 1444 596 1501 in
619 1450 736 1501 acutum
757 1462 895 1503 cacumen
919 1452 1089 1523 exsurgunt.
1134 1445 1195 1505 Ra·
1278 1510 1279 1523 ἦ

174 1542 254 1600 dices
268 1542 332 1617 ejus
347 1538 441 1598 Indus
460 1540 553 1597 amnis
566 1539 653 1613 subit,
668 1539 807 1615 praealtus
821 1539 956 1618 utrinque
977 1540 1088 1617 asperis
1107 1540 1192 1618 ripis.
1278 1538 1279 1575 l

175 1637 226 1697 Ab
247 1635 340 1695 altere
361 1642 454 1712 parte,
468 1634 639 1713 ‘voragines
662 1634 828 1713 eluviesque
850 1642 1006 1713 praeruptos
1028 1644 1115 1711 sunt,
1141 1656 1195 1695 nec
1278 1648 1279 1665 ³

173 1732 232 1791 alia
246 1730 429 1809 expugnandi
449 1730 568 1808 patebat
586 1730 642 1803 via,
657 1732 745 1807 qudm
770 1736 804 1788 ut
825 1730 1016 1807 replerentur.
1060 1732 1112 1791 Ad
1135 1752 1194 1791 ma·
1278 1758 1279 1763 ¹

174 1848 244 1887 num
265 1827 350 1905 sylva
362 1836 436 1901 erat,
450 1846 538 1904 quam
556 1824 625 1885 Rea
648 1825 691 1883 ita
715 1825 788 1903 caedi
807 1826 906 1901 jussit,
920 1833 955 1885 ut
978 1826 1049 1884 nudi
1074 1828 1195 1903 stipites

180 1926 365 2001 jacerentur:
386 1922 494 1999 qnippe
517 1920 591 1979 rami
603 1919 707 1978 fronde
728 1911 828 1979 restiti
852 1920 1041 1997 impedissent
1054 1922 1192 1980 ferentes.
1278 1954 1279 1959 κ

176 2018 245 2097 Ipse
272 2018 385 2096 primus
410 2017 561 2074 ‘truncam
588 2014 720 2073 arborem
747 2014 829 2089 jecit,
852 2014 1015 2093 clamorque
1042 2017 1194 2075 exercitiis
1278 2070 1279 2073 ,

175 2114 265 2172 iudex
279 2112 440 2171 alacritatis
454 2117 571 2169 occutus
585 2117 639 2183 est,
654 2108 757 2167 ‘nullo
779 2109 959 2169 detrectante
979 2130 1095 2186 munus,
1113 2111 1193 2191 quod
1240 2122 1243 2129 ’
1278 2164 1279 2167 ,

176 2208 245 2266 Rex
258 2210 435 2283 occnpteset

237 2303 284 2358 37.
306 2300 392 2358 Intra
405 2299 560 2376 septimum
575 2298 653 2358 diem
667 2317 805 2358 cavernas
818 2297 1016 2376 expleverant,
1032 2301 1103 2358 edm
1124 2301 1193 2360 Rex

177 2394 353 2474 sagittarios
377 2401 408 2451 et
428 2394 575 2470 Agrianos
595 2393 681 2469 jubet
704 2393 869 2471 perardua
893 2393 957 2452 niti.
1002 2394 1193 2474 Juvenesque
1278 2413 1279 2420 ¹

176 2489 350 2550 fortissimos
365 2493 470 2546 exsui
484 2488 601 2546 cohorte
623 2488 765 2566 tringinta
779 2488 896 2566 delegit.
940 2488 1039 2548 Duces
1060 2490 1107 2548 his
1129 2492 1193 2550 dati

176 2593 246 2647 sunt
260 2582 382 2658 Charus,
393 2592 423 2642 et
438 2583 618 2657 Alexander,
628 2603 715 2660 quem
731 2583 799 2642 Rex
812 2583 947 2657 nominis,
961 2585 1040 2662 quod
1055 2585 1114 2644 sibi
1129 2607 1192 2644 com

176 2703 211 2741 so
233 2697 383 2739 commuue
407 2686 494 2753 esset,
509 2677 666 2736 admonuit.
710 2680 756 2736 Ac
776 2678 882 2755 primd,
898 2680 968 2758 quio
982 2688 1043 2738 tem
1057 2684 1192 2740 manifes·

176 2762 239 2836 tum
252 2774 415 2856 periculum
428 2783 499 2847 erut,
514 2775 609 2851 ipsum
626 2773 739 2851 Regem
761 2774 915 2834 discrimen
931 2775 1029 2834 subire
1043 2795 1101 2834 non
1115 2778 1193 2855 ⁷pla·

177 2873 247 2932 cuit.
291 2871 350 2931 Sed
362 2877 398 2928 ut
418 2870 532 2948 signum
546 2868 619 2929 tuba
635 2868 736 2926 datum
751 2876 806 2943 est,
820 2869 866 2928 vir
890 2869 1019 2928 audaciae
1040 2880 1193 2948 promptae,

177 2985 332 3027 conversus
346 2965 383 3024 ad
405 2967 533 3041 corporis
547 2963 692 3038 custodes,
707 2963 788 3041 sequi
802 2983 833 3022 sc
854 2964 949 3041 jubet,
963 2965 1134 3043 primusque
1155 2968 1193 3024 in·

179 3062 261 3122 radit
275 3061 305 3118 in
318 3079 429 3136 rupem.
471 3060 499 3116 N
502 3078 535 3116 ec
549 3058 655 3117 deinde
669 3058 821 3136 quisquam
842 3059 1034 3118 Macedonum
1049 3061 1194 3134 substitit,

178 3155 346 3232 relictisque
361 3153 535 3211 stationibus
550 3157 604 3210 sui
618 3161 721 3229 sponte
743 3153 855 3230 Regem
870 3154 1074 3232 sequebantur.
1119 3154 1194 3214 Mul-

178 3259 275 3309 torum
296 3247 469 3306 miserabilia
483 3247 543 3305 luit
555 3266 660 3322 casus;
681 3267 754 3325 quos
775 3267 811 3306 ex
831 3252 981 3325 praerupte
1002 3268 1074 3325 rupe
1095 3249 1194 3327 lapsos

179 3343 273 3404 omnis
295 3342 493 3419 praeterfluens
515 3340 621 3401 haunit
665 3341 782 3401 8Τι’ίειι
807 3343 1003 3418 spectaculum
1028 3344 1115 3402 etiam
1137 3365 1194 3402 nco

178 3436 419 3518 periclitantibus.
464 3435 540 3496 oum
554 3440 624 3495 verb
639 3435 736 3494 alieno
752 3437 851 3510 exitio,
865 3437 937 3514 qnid
951 3437 1023 3514 ipsis
1034 3438 1195 3496 timendum

179 3538 265 3611 foret,
290 3533 523 3606 admonerentur,
544 3533 574 3590 in
599 3539 711 3590 metum
736 3532 936 3590 misericordie
957 3535 1052 3606 verse,
1068 3553 1126 3592 non
1150 3555 1194 3593 cx·

179 3632 298 3704 tinctos,
313 3629 364 3688 sed
379 3629 547 3705 semetipsos
562 3625 714 3684 deflebant.
759 3627 801 3686 Et
812 3629 874 3702 jam
887 3628 921 3686 cb
935 3634 1109 3704 perventum
1123 3635 1194 3702 erat,

180 3725 257 3786 uode
270 3725 332 3784 sine
346 3723 484 3802 pernicie,
498 3721 556 3778 nisi
570 3720 709 3794 victores,
724 3721 823 3780 redire
837 3741 893 3780 non
907 3729 1045 3799 possent,
1067 3723 1195 3802 ingentia
