2592 4400
440 392 563 450 amaa
593 393 645 434 iv.
678 395 764 435 oar.
795 393 848 434 ix.
1108 379 1146 436 57

131 542 298 607 „nurumque
312 532 420 606 majore
433 537 517 608 parte
531 531 672 609 deposita
689 531 801 610 Lycum
814 553 926 592 amnem
940 540 1027 611 ponte
1037 532 1146 610 junxit,

138 630 170 680 et
183 643 235 700 per
248 623 311 682 dies
330 625 463 704 quinque,
480 626 583 684 ¹'sicut
607 626 674 684 antb
698 627 888 706 Euphratem,
901 628 1017 705 trajecit
1040 628 1146 688 exerci-

134 725 210 786 tum.
240 718 314 778 Indoi
327 721 473 799 octoginta
480 721 542 780 fert
552 721 647 780 stadia
656 743 833 801 progressus,
843 724 881 782 ad
890 724 1013 781 alterum
1023 715 1145 797 amnem,
1165 716 1170 724 ’

137 811 298 892 (Boumelo
308 834 411 874 nomen
425 817 490 893 est)
500 824 597 876 ¹castra
609 819 715 894 posuit.
757 818 776 846 ¹⁸
786 817 957 895 Opportuna
968 818 1146 896 explicandis
1188 827 1197 852 ⁸

13 938 19 949 ·
44 894 76 966 8
84 895 229 987 yssopiis
244 910 322 988 regio
336 917 407 985 erat,
423 912 587 988 equitabilis
602 919 632 970 et
644 920 729 971 rasta
741 913 893 990 planities:
913 933 949 972 ne
969 915 1073 990 stirpes
1086 913 1147 992 qui·

83 1034 90 1044 ·
137 1005 204 1062 dem
227 1012 257 1064 et
279 1006 378 1066 brevia
399 1007 526 1086 virgulta
548 1009 682 1085 operiunt
702 1009 805 1083 solum,
829 1008 957 1086 liberque
978 1015 1147 1086 prospectus

136 1099 295 1174 oculorum,
318 1101 406 1160 etiam
433 1102 470 1160 ad
498 1122 531 1160 ea
557 1123 623 1181 quae
650 1102 752 1180 procul
776 1107 932 1177 recessere,
959 1104 1144 1180 permittitur.

138 1194 259 1273 Itaqua'
279 1197 301 1228 ¹⁷
312 1196 338 1255 si
358 1200 416 1276 qut
440 1197 535 1274 campi
559 1198 739 1272 eminebant·
754 1199 845 1276 jussit
865 1199 974 1277 musii
995 1205 1147 1276 totumquo

137 1289 290 1367 fastigium
310 1290 437 1350 extendi.
1163 1279 1184 1308 '³
1213 1363 1218 1372 .

21 1383 114 1455 nl)
200 1388 246 1444 36.
269 1384 288 1412 ¹⁸
298 1385 475 1460 Alexandro,
500 1385 551 1463 qui
573 1388 726 1466 numerum
748 1386 893 1465 copiarum
915 1388 986 1464 ejus,
1008 1393 1148 1464 quantum

30 1549 34 1555 ἱ
136 1479 237 1556 procul
251 1479 405 1556 conjectari
425 1475 566 1558 poterant,
581 1481 770 1557 aestimabant,
783 1482 835 1542 rix
853 1481 983 1540 fecerunt
995 1476 1089 1555 fidem,
1103 1485 1149 1538 tot

135 1573 266 1634 millibus
279 1575 360 1634 caesis
373 1577 493 1652 majores
506 1575 602 1652 copias
617 1595 679 1635 esse
691 1584 848 1654 reparatas:
890 1575 1044 1650 Caeterum,
1055 1574 1148 1634 omnis

136 1668 268 1746 periquli,
283 1676 313 1726 et
326 1669 451 1728 maxima
473 1670 670 1730 multitudiuis
691 1679 875 1749 contemptor,
890 1673 910 1701 ¹⁹
919 1670 1076 1729 undecimis
1089 1687 1147 1727 oas-

138 1763 194 1822 tris
220 1765 352 1840 pervenit
378 1763 414 1822 ad
442 1764 638 1842 Euphratem:
667 1785 724 1843 quo
750 1765 885 1842 pontibus
909 1767 1019 1842 juncto,
1039 1764 1148 1842 equites

57 1844 245 1936 fftt'primos
258 1857 309 1933 ire,
321 1859 491 1937 phalangem
514 1859 593 1937 sequi
614 1860 716 1936 jubet3
738 1861 857 1935 Mazaeo,
871 1859 951 1938 ²⁰qui
964 1859 1000 1918 ad
1020 1858 1147 1918 inhiben-
1206 1829 1214 1846 ⁰

137 1953 207 2012 dum
221 1953 375 2012 trtnsitum
395 1955 456 2030 ejus
470 1973 536 2023 caan
549 1972 599 2012 sex
612 1954 744 2013 millibus
760 1955 888 2032 equitnm
908 1959 1077 2026 occurrerat,
1090 1971 1148 2010 non

136 2065 208 2106 auso
222 2047 412 2124 ”periculum
433 2048 479 2106 sui
500 2048 599 2107 facere.
642 2047 750 2106 Paucis
762 2046 875 2122 deindh,
895 2067 952 2106 non
965 2048 1003 2106 ad
1015 2047 1147 2125 quictem,

137 2141 238 2232 sedad
252 2142 424 2220 reparandos
446 2142 564 2218 animos,
579 2142 679 2204 diebus
700 2142 777 2202 datis
790 2142 886 2217 militi,
900 2143 1015 2202 strenuo
1035 2140 1148 2201 hostem

136 2236 251 2315 insequi
265 2237 359 2315 coepit,
373 2244 504 2295 metuens
525 2257 562 2296 na
583 2238 721 2298 interiora
732 2238 814 2316 regni
836 2239 882 2297 aui
902 2244 1021 2315 peteret,
1035 2256 1170 2315 sequen·-

51 2316 248 2422 Maiusque
275 2339 350 2393 esset
376 2351 427 2409 per
451 2332 513 2391 loca
539 2332 616 2391 omni
642 2330 796 2391 solitudine
821 2340 906 2412 atque
931 2333 1030 2410 inopia
1056 2339 1147 2393 vasta.

137 2428 235 2507 Igitur
247 2434 350 2505 quarto
364 2428 410 2486 dis
424 2427 444 2456 '¹
454 2434 560 2504 praetcr
573 2427 698 2499 Arbela,
703 2434 835 2505 penetrat
854 2427 891 2486 ad
912 2427 1031 2507 Tigrim.
1074 2427 1149 2497 Tota

137 2522 217 2601 regio
230 2522 308 2581 ultra
321 2540 431 2580 amnem
445 2520 554 2581 recenti
574 2521 706 2582 fumabat
725 2521 873 2597 incandi03
894 2522 1001 2599 quippe
1014 2522 1148 2595 Mamas,

136 2636 321 2699 quaecumque
335 2616 452 2690 adierat,
467 2615 545 2674 haud
558 2617 641 2674 sectis
652 2618 740 2694 quam
753 2615 845 2675 hostis
858 2616 968 2676 urebat
997 2617 1043 2674 Ae
1055 2616 1148 2693 primd

137 2710 270 2791 caligine,
283 2730 368 2789 quom
388 2710 484 2769 fumus
505 2710 654 2791 effuderat,
669 2711 838 2770 obscurante
858 2709 957 2785 lucem,
978 2709 1160 2768 insidiarum⁴

32 2776 67 2870 ff
69 2794 151 2890 q(
136 2813 219 2865 metu
242 2806 379 2866 substitit.
421 2805 533 2864 Dsindd
547 2812 581 2863 ut
605 2806 796 2883 speculatores
817 2804 958 2882 praemissi
977 2810 1040 2863 tnta
1053 2804 1149 2863 omnia

137 2900 355 2974 nunciaverunt,
369 2918 473 2977 paucos
497 2899 626 2977 equitum
650 2898 688 2957 ad
710 2900 879 2958 tentandum
901 2898 1005 2957 vadum
1023 2898 1148 2958 fluminis

137 2994 297 3073 praemisit:
331 2996 413 3071 cujus
440 2992 561 3053 altitudo
591 2993 683 3071 primb
710 2987 820 3052 summa
852 3011 988 3071 equorum
1020 2996 1147 3076 pectora,

138 3108 207 3170 moa
232 3096 267 3147 ut
292 3087 324 3147 in
350 3088 476 3147 medium
509 3088 621 3150 alveum
645 3095 763 3149 ventum
794 3095 847 3163 est,
881 3087 1005 3147 cervices
1037 3107 1147 3167 quoque

138 3183 289 3263 aequabat:
309 3203 360 3243 neo
381 3185 450 3243 sane
464 3183 570 3243 ”alius
591 3182 628 3241 ad
643 3182 774 3244 Orientis
793 3182 907 3263 plagam
925 3189 987 3251 tam
1005 3183 1148 3244 violentus
1168 3213 1173 3223 ι
1192 3229 1198 3247 ,

38 3254 303 3395 φΨίιιγθΙιίιιιη
324 3278 479 3338 multorum
502 3278 675 3337 torrentium
694 3297 752 3337 non
772 3296 860 3356 aquas
878 3276 984 3352 solum,
996 3277 1048 3336 sed
1061 3277 1147 3335 etiam

139 3393 211 3435 saxa
232 3392 329 3435 secum
351 3373 477 3433 trahens.
520 3372 623 3450 Itaque
643 3392 661 3431 a
684 3372 841 3447 eeleritate,
854 3375 911 3451 qut
934 3371 1039 3445 defluit,
1060 3370 1148 3445 'l'a'gri

138 3488 243 3527 nomen
256 3474 301 3527 est
314 3467 449 3542 inditum,
462 3466 531 3546 quia
551 3466 670 3548 Persica
689 3466 789 3546 lingua
815 3466 934 3540 Quina
953 3465 1088 3545 sagittam
1100 3485 1148 3541 ap-

138 3548 265 3641 pellant*
940 3567 967 3597 ·'
1294 3613 1295 3628 ἶ

201 3660 249 3717 37.
270 3640 518 3738 ’‘Igiturlpedes,
541 3654 620 3716 velut
641 3656 753 3715 divisus
775 3654 808 3713 in
832 3672 947 3727 cornua,
973 3652 1195 3711 circumdato‘'
1221 3644 1233 3689 ἲ
1294 3699 1295 3704 ,

37 3716 284 3841 &bsequium
310 3751 414 3811 levatis
441 3769 526 3828 super
551 3750 647 3828 capita
673 3749 770 3826 armis,
791 3748 870 3815 baud
894 3747 972 3827 aegre
993 3747 1032 3806 ad
1054 3746 1171 3823 ipsum,

139 3848 255 3910 alveum
268 3854 406 3927 penetrat
449 3846 565 3907 Primus
578 3844 655 3905 inter
668 3844 780 3922 pedites
789 3844 994 3922 Rexogressus
1006 3842 1037 3901 in
1046 3841 1149 3919 ripam,

331 3944 366 4001 3*
