2592 4400
184 268 244 326 202
532 282 672 334 ourani
702 254 842 323 cuar'rr

107 478 113 490 ,
184 422 253 483 Rex
265 422 433 482 'fortuitam
444 420 580 482 letitiam
600 440 658 480 uon
672 427 827 496 aversatus,
842 420 923 499 large
938 404 975 479 ad
997 419 1099 498 epulas
1112 420 1209 481 omi-

183 520 237 580 bus
259 517 400 595 praebitis,
421 536 473 595 per
493 516 592 575 decem
609 516 672 575 dies
685 516 815 577 ’Libero
835 515 912 593 patri
926 522 1077 593 operatum
1097 514 1210 576 babuit

184 614 350 673 exercitum.
405 610 479 683 Quis
502 619 588 691 ueget
615 611 751 670 eximiam
777 630 889 689 quoque
915 610 1038 689 gloriam
1068 610 1210 687 ''soepiba

183 708 305 767 fonnnn
326 708 416 785 qudm
428 706 549 767 rimutis
569 724 632 765 esse
654 704 845 767 beneficium?
863 704 969 783 quippe
992 723 1029 763 ne
1048 704 1210 782 epulantes

182 800 299 881 quidem
319 808 349 861 et
370 801 479 907 sopitos
491 820 570 861 mero
594 800 712 881 aggredi
727 818 814 859 ausus
827 807 872 859 ast
892 799 1004 876 hostis,
1025 798 1104 857 haud
1119 818 1210 859 secus

182 897 381 958 bacchantium
394 879 624 975 nlula‘ntiumqne
642 896 762 956 fremitu
782 896 964 974 perterritus,
979 896 1068 973 quim
1089 895 1116 954 si
1129 914 1210 973 prae-

183 992 318 1052 liantium
341 992 449 1052 clamor
470 998 547 1052 esset
569 992 696 1052 auditus
738 991 849 1051 Eadem
872 990 996 1049 felicitas
1019 989 1056 1051 ab
1083 990 1209 1052 Oceano

184 1094 360 1147 revertentes
382 1087 556 1147 temulentos
577 1088 882 1165 commessantesque¹
885 1085 978 1145 'inter
993 1104 1049 1145 ora
1069 1084 1209 1145 bostium

184 1183 266 1243 texit

243 1282 289 1338 34.
311 1278 391 1336 Hinc
412 1276 449 1336 ad
470 1276 624 1356 regionem,
646 1296 711 1356 quac
734 1274 856 1337 Daedala
878 1282 1006 1351 vocatur,
1029 1283 1208 1353 perventum

182 1380 234 1433 est
275 1372 579 1433 Deseruerantincolae
589 1372 682 1447 sedes,
692 1379 722 1431 et
732 1371 763 1430 iu
777 1370 857 1431 avios
866 1362 1077 1449 ylvestresque
1087 1379 1208 1431 montes
1238 1446 1241 1455 Ι

182 1468 377 1547 confugerant.
419 1467 500 1547 Ergd
524 1467 656 1527 Acadera
679 1467 796 1542 transit,
818 1466 898 1544 aqud
922 1473 990 1524 usta
1010 1473 1040 1525 et
1060 1466 1209 1526 destituta

182 1550 367 1621 incolentium
388 1564 465 1641 fuga
508 1563 612 1642 Itaque
633 1563 773 1622 rationem
796 1561 867 1622 belli
888 1561 1043 1621 necessitas
1063 1562 1206 1623 mutavit.

182 1656 291 1741 Divisis
314 1657 390 1716 enim
408 1643 508 1735 copiis,
530 1656 662 1735 pluribus
685 1656 772 1717 simul
793 1656 865 1715 locis
885 1676 965 1715 arma
984 1656 1131 1717 ostendit:
1153 1677 1208 1735 op-

182 1752 339 1831 pressique,
352 1753 403 1814 ubi
424 1772 483 1811 uon
505 1758 741 1831 exspectaverant
762 1751 883 1827 hostem,
899 1751 975 1811 omni
995 1750 1077 1811 clade
1098 1752 1207 1830 perdo-

181 1848 247 1907 miti
269 1856 344 1908 sunt
397 1848 576 1907 Ptolemaeus
596 1847 735 1926 plurimas
755 1848 849 1923 urbes,
870 1846 1038 1907 Alexander
1057 1848 1208 1909 maximas

182 1945 276 2022 cepit:
304 1946 464 2022 rursusque
484 1962 556 2023 quas
577 1942 767 2003 distribuerat
790 1944 886 2021 copias
906 1942 1013 2019 junxit
1055 1940 1207 2020 Superato

182 2039 285 2098 deinde
314 2038 444 2116 Choaspe
470 2058 562 2114 amne,
591 2037 700 2098 (irenen
724 2037 753 2095 in
777 2038 924 2098 obsidione
948 2038 1028 2097 urbis
1052 2038 1206 2115 opulentae

183 2134 326 2212 (Beairam
349 2134 449 2193 incolae
471 2134 587 2214 vocant)
614 2133 741 2213 reliquit.
792 2132 861 2211 lpse
881 2133 919 2192 ad
946 2134 1082 2214 Mazagas
1107 2134 1204 2211 venit,

181 2249 271 2307 nuper
297 2229 444 2287 Assacano
470 2229 563 2306 (cujus
584 2248 705 2307 reguum
730 2230 836 2309 fuerat)
861 2228 1016 2290 demortuo.
1071 2229 1204 2308 Regioni

132 2367 135 2372 -
181 2343 292 2404 quoque
305 2324 426 2403 urbique
439 2331 668 2400 praeeratmater
681 2326 744 2401 ejus
759 2323 907 2401 (lleopbes.
959 2323 1093 2404 Triginta
1105 2325 1204 2385 millia

181 2418 311 2496 peditum
338 2418 496 2477 tuebantur
515 2419 625 2493 urbem,
650 2437 707 2477 uon
728 2420 787 2478 situ
808 2419 909 2494 solim,
924 2419 975 2478 sed
997 2420 1084 2478 etiam
1111 2438 1201 2497 opere

181 2514 329 2572 munitam
373 2511 450 2570 Nam
473 2515 532 2591 qud
555 2519 667 2590 spectat
694 2512 851 2588 Orientem,
878 2513 1004 2593 cingitur
1031 2533 1113 2572 amne
1139 2521 1201 2575 tor·

181 2609 265 2683 renti,
278 2607 329 2687 qui
340 2608 495 2685 praeruptis
507 2608 643 2686 utrinque
666 2608 785 2685 rupibus
807 2608 919 2667 aditum
939 2608 978 2667 ad
989 2609 1089 2669 urbem
1109 2609 1200 2688 impe·
1221 2614 1229 2626 '

181 2704 235 2764 dit
276 2703 326 2764 Ab
352 2702 510 2764 Occidente
533 2712 563 2762 et
584 2724 603 2762 a
623 2703 758 2779 Meridie,
778 2703 858 2764 velut
877 2704 914 2763 de
937 2704 1089 2780 industrii,
1110 2725 1199 2783 rupes
1278 2739 1279 2744 ι

180 2799 315 2878 praealtas
338 2798 475 2858 admolita
496 2806 602 2860 natura
614 2805 667 2874 est,
682 2798 759 2857 iufra
771 2817 843 2878 quas
863 2818 991 2861 carernae
1004 2806 1033 2858 et
1045 2801 1199 2878 voragines
1277 2857 1278 2870 ,

181 2896 267 2974 longi
279 2902 423 2954 vetustate
437 2894 468 2952 in
481 2894 570 2954 altum
580 2901 689 2954 cavatae
699 2895 814 2970 jacent:
834 2897 948 2973 quaque
962 2894 1107 2971 desinunt,
1118 2896 1199 2956 fossa
1276 2969 1277 2984 ,

181 2990 308 3068 ingentis
321 2989 414 3067 operis
428 2988 541 3066 objecta
561 2996 613 3048 est.
656 2989 790 3068 Triginta
802 2988 929 3068 quinque
951 2989 1076 3048 ataditm
1095 3009 1198 3052 murus

180 3086 281 3143 urbem
290 3084 498 3161 complectitur,
509 3085 593 3161 cujus
603 3084 742 3144 inferiora
752 3103 831 3159 saxo,
847 3085 994 3162 superiora
1007 3086 1099 3145 crudo
1105 3086 1198 3148 latere

181 3185 248 3239 suut
274 3184 392 3237 structa
448 3181 467 3208 ¹²
479 3179 580 3238 Lateri
604 3179 750 3239 vinculum
776 3179 886 3257 lapides
914 3187 990 3256 sunt,
1013 3199 1083 3259 quos
1109 3182 1197 3242 inter·
1274 3187 1275 3213 l

179 3282 309 3352 posuere,
321 3280 355 3330 ut
369 3273 479 3332 duriori
492 3275 621 3334 materiae
631 3274 744 3353 fragilis
756 3275 947 3335 incumberet:
962 3275 1105 3354 simulque
1116 3283 1197 3337 terra

179 3371 296 3428 humore
319 3367 422 3443 diluta,
445 3388 482 3426 ne
504 3369 661 3427 tandem¹³
670 3368 803 3429 universa
826 3369 995 3445 consideret,
1015 3370 1197 3449 interpositus

179 3471 261 3524 eraut
274 3464 371 3524 trabes
384 3462 490 3522 validae
492 3463 639 3542 ,quibus
631 3466 739 3541 injecta
752 3464 882 3525 tabulata
894 3483 990 3524 muros
1005 3472 1035 3524 et
1047 3467 1197 3546 tegebant,

179 3568 209 3620 et
222 3560 335 3638 pervios
348 3560 484 3617 fecerant

240 3661 285 3714 35.
316 3655 389 3714 Haec
417 3653 594 3711 munimenta
623 3653 864 3731 contemplantem
891 3655 1101 3732 Alexandrum,
1132 3678 1196 3717 con·

178 3750 292 3829 siliique
313 3750 453 3808 incertum
468 3748 546 3827 (quia
566 3768 618 3808 neo
639 3768 785 3824 cavernas,
806 3750 863 3809 nisi
884 3769 989 3830 aggere
1009 3759 1125 3829 poterat
1145 3755 1197 3814 im·

1272 3365 1273 3441 ι

1271 3481 1272 3557 ι

1270 3601 1271 3671 l

1268 3713 1270 3788 ι

1267 3921 1268 4015 l

1264 4019 1267 4129 l
