2592 4400
188 376 243 435 ue
519 384 668 435 eurrur
700 382 847 427 ouarrr

182 529 395 609 Polydamanta
416 526 527 607 requiri
547 525 641 605 jubet
685 524 853 584 Diversoria
872 520 1001 601 regionis
1021 518 1105 580 illius
1117 538 1200 597 mag·

180 644 234 685 noa
256 641 388 683 recessus
411 622 526 696 babent,
549 638 732 697 amoenosque
755 618 921 677 nemoribus
948 636 1036 676 manu
1064 615 1198 674 sensitis

183 720 229 787 Ea
250 717 397 796 proeoipud
412 716 528 793 Regum
552 714 797 792 satraparumque
811 712 944 789 voluptas
967 719 1037 770 erat.
1082 709 1202 787 Spatia-

181 815 269 873 batur
290 812 321 870 in
342 800 458 869 nemore
481 808 643 883 Parmenio,
657 807 771 866 medius
793 807 869 865 inter
891 806 987 880 duees,
1001 805 1110 883 quibus
1133 809 1203 861 erat

182 908 355 985 imperatum
368 903 478 963 litteris
492 903 593 981 Regis,
613 910 649 961 ut
671 900 844 960 ooeiderent.
886 899 1019 977 Agendae
1032 906 1131 957 autem
1154 898 1204 957 rei

179 1002 392 1063 eonstituerant
416 1006 539 1074 tempus,
553 997 621 1055 edm
644 996 801 1055 Parmenio
814 1014 832 1054 a
847 994 1057 1072 Polydamante
1080 993 1205 1053 litteras
1271 1022 1272 1063 3

182 1096 308 1155 traditas
321 1094 418 1171 legere
431 1090 576 1169 ooepisset

242 1194 268 1249 7.
291 1186 465 1265 Polydamas
477 1184 579 1263 prooul
590 1182 718 1259 veniens,
732 1191 798 1243 uta
816 1182 1008 1243 Parmenione
1027 1190 1205 1261 eonspeotus

182 1292 236 1359 eat,
249 1283 335 1343 vultu
347 1280 460 1341 laetitiae
472 1279 595 1355 speeiem
614 1278 795 1356 praeferente,
810 1278 847 1337 ad
866 1276 1109 1356 eompleotendum
1130 1296 1206 1337 eum

182 1378 328 1438 oueurrit:
348 1380 505 1455 mutusque
517 1374 712 1454 gratulatione
725 1374 841 1449 iuuetis
855 1373 1031 1451 Polydamas
1044 1372 1206 1450 epistolam

182 1494 201 1534 a
213 1474 296 1551 Rege
309 1472 447 1548 seriptum
459 1470 487 1529 ei
499 1470 631 1529 tradidit
674 1469 825 1529 Parmenio
838 1468 985 1529 vinoulum
999 1468 1129 1545 epistolae
1145 1470 1207 1528 sol·

183 1586 262 1641 vens,
282 1566 420 1645 quidnam
442 1565 508 1625 Rex
520 1572 629 1643 ageret,
643 1564 816 1643 requirebat
858 1564 917 1625 Ille
938 1582 975 1623 ex
995 1564 1066 1641 ipsis
1087 1564 1208 1625 litteris

182 1662 366 1742 eogniturum
378 1679 439 1719 esse
451 1658 606 1737 respondit
653 1656 768 1729 Quibus
790 1658 942 1719 Parmenio
965 1658 1057 1734 laetis,
1073 1662 1090 1693 “
1103 1658 1206 1734 Rex,”

183 1758 286 1837 inquit,
300 1754 542 1834 “expeditionem
554 1760 638 1832 parat
659 1754 688 1813 in
709 1754 890 1815 Araebosios.
933 1752 1088 1815 Strenuum
1107 1754 1207 1813 homi-

183 1874 249 1915 nem
271 1861 302 1913 et
320 1856 465 1930 nunquam
485 1848 660 1909 eessauteml
702 1849 760 1909 Sed
782 1856 894 1927 tempus
916 1849 1003 1910 saluti
1024 1869 1093 1925 suae,
1115 1855 1207 1909 tanta

189 1950 251 2027 jam
263 1949 348 2025 parta
361 1944 463 2024 gloria,
477 1942 621 2021 paroere.‘’
655 1942 790 2003 Alteram
799 1942 904 2002 deiudd
913 1941 1061 2020 epistolum
1073 1942 1208 2004 Pbilotae

184 2042 299 2101 nomine
313 2040 451 2117 seriptum
473 2038 566 2112 laetus,
579 2037 657 2119 quod
671 2056 708 2096 ex
722 2036 806 2097 vultu
825 2036 919 2095 notari
939 2044 1061 2113 poterat,
1074 2036 1205 2117 legebat
1271 2024 1272 2059 ³

126 2171 129 2177 ·
185 2136 262 2195 Tum
275 2137 339 2212 ejas
352 2134 429 2192 latus
441 2131 538 2212 gladio
551 2132 650 2190 haurit
671 2130 821 2207 Cleander,
835 2131 937 2190 deinde
955 2130 1091 2210 jugulum
1110 2132 1204 2193 ierit:

184 2231 281 2292 caeteri
294 2229 451 2288 exanimem
463 2247 575 2306 quoque
588 2228 764 2290 ooni'odinut.
806 2228 848 2286 Et
861 2227 1004 2306 armigeri,
1017 2228 1068 2307 qui
1082 2228 1121 2288 ad
1140 2230 1205 2288 adi·
1271 2241 1272 2304 l

184 2334 248 2386 tum
266 2323 392 2383 nemoris
404 2322 565 2399 astiterant,
578 2322 694 2402 eoguita
714 2321 800 2398 eaede,
815 2325 896 2399 eujus
909 2342 996 2382 eausa
1005 2323 1204 2402 ignorabatur,

185 2420 218 2478 in
230 2424 325 2477 eastra
337 2416 513 2494 perveniunt,
528 2424 560 2474 et
573 2417 769 2476 'tumultuoso
789 2417 892 2476 nunoio
914 2417 1021 2476 milites
1045 2418 1203 2480 eouoitant,

186 2513 236 2574 Illi
251 2513 355 2571 armati
368 2511 406 2570 ad
418 2530 527 2585 nemus,
541 2510 572 2570 in
584 2530 640 2590 quo
653 2518 818 2589 perpetrata
831 2511 924 2572 uaedes
938 2519 1009 2586 erat,
1023 2520 1149 2591 eeeuntq
1172 2521 1204 2572 et
1271 2515 1272 2570 ἶ

185 2609 217 2668 ni
240 2606 424 2684 Polydamas,
445 2605 599 2684 eaeterique
622 2605 751 2682 ejusdem
770 2624 854 2665 noxae
872 2605 1028 2684 participes
1048 2607 1202 2684 dedantur,
1271 2685 1272 2696 ἵ

186 2722 301 2762 murum
314 2699 523 2791 circumdatum
535 2700 645 2758 nemori
659 2718 808 2760 eversuros
822 2699 1003 2776 denunciant,
1018 2702 1203 2782 omniumque

186 2796 324 2876 sanguine
338 2795 404 2854 dnoi
423 2801 632 2872 parentaturos.
675 2793 816 2854 Cleander
836 2794 974 2872 primores
994 2815 1094 2854 eorum
1115 2797 1203 2858 intro-

186 2893 265 2952 mitti
274 2893 368 2969 jubet,
382 2891 551 2969 litterasque
564 2889 655 2968 Regis
669 2890 791 2968 scriptas
804 2889 842 2948 ad
855 2889 964 2948 milites
974 2892 1087 2966 recitat,
1099 2893 1204 2972 quibus

186 2985 303 3046 insidiae
316 2985 514 3044 Parmenionis
526 2985 558 3043 in
571 2985 692 3063 Regem,
702 3003 854 3062 precesque
864 2990 897 3042 ut
910 2984 1003 3061 ipsum
1012 2985 1203 3062 uindicarent,

112 3111 123 3126 κ
187 3079 415 3140 continebantur.
455 3079 554 3158 Igitur
576 3079 691 3158 eognitd
714 3080 804 3159 Regis
826 3079 983 3154 voluntate,
1007 3099 1066 3140 non
1084 3083 1203 3160 quidem

187 3173 357 3252 indignatio,
371 3173 423 3232 sed
436 3181 532 3232 tamen
545 3173 650 3232 seditio
665 3193 824 3252 compressa
838 3182 891 3258 est,
926 3174 1054 3252 Dilapsis
1067 3177 1204 3254 pluribus

186 3268 660 3347 paueiremanserunt,qui,saltem
669 3269 1204 3349 uteorpusipsiussepelirepermitte·

187 3369 260 3437 rent,
281 3361 477 3438 precabantur.
526 3360 588 3419 Did
610 3363 641 3420 id
655 3373 789 3442 negatum
811 3372 864 3440 eat,
888 3363 1023 3424 Cleandri
1049 3373 1139 3442 metu,
1167 3385 1204 3424 ne

187 3457 343 3516 offenderet
356 3456 475 3535 Regem.
526 3456 713 3516 Pertinaoids
727 3458 830 3518 deinde
844 3459 1035 3536 preeuntibus,
1049 3461 1204 3520 materiam

187 3552 446 3612 ⁸eoneteruationie
468 3550 694 3610 subtrahendam
715 3561 805 3629 ratus,
827 3553 919 3632 eapite
940 3554 1044 3630 deuiso,
1068 3551 1205 3615 trunsum

163 3721 166 3725 ι
187 3647 306 3706 humare
319 3646 457 3724 permisit
499 3644 549 3705 Ad
562 3646 673 3725 Regem
687 3657 773 3726 eaput
786 3650 904 3710 missum
918 3656 969 3710 eat.

247 3748 273 3802 8.
297 3743 355 3801 Hie
368 3742 464 3801 exitus
478 3741 677 3801 Parmenionis
689 3744 757 3819 fuit,
771 3744 885 3804 militiae
898 3744 1032 3824 domique
1052 3745 1123 3804 olari
1137 3747 1204 3808 riri.

188 3837 286 3897 Multa
299 3837 361 3896 siue
374 3837 456 3915 Rege
470 3840 615 3916 prospere,
629 3838 696 3898 Rex
710 3838 772 3897 sine
786 3839 838 3900 illo
851 3839 923 3898 nihil
936 3859 1047 3919 magnae
1057 3839 1099 3900 rei
1109 3860 1204 3922 gesse-
