2592 4400
391 433 516 474 arana
543 433 599 474 rx.
629 436 715 475 car.
743 435 777 475 x.
1036 420 1095 479 243

73 570 138 629 eati
162 589 202 629 ne
229 570 375 649 respicere
400 571 517 650 quidem
539 590 607 632 suos
630 572 819 649 mstinebant,
845 560 1046 635 misericordia
1073 576 1103 635 in

74 666 270 725 formidinem
282 672 375 727 versa
409 668 471 726 ,Illi
492 668 588 727 relicti
602 669 700 727 ⁷Deos
721 676 821 745 testes,
835 689 916 729 sacre
934 671 1102 745 communia,

76 760 234 840 Regisquc
251 761 448 838 implorabant
469 782 561 839 opem.
603 762 736 841 (irimque
759 764 869 824 frustra
892 766 995 825 surdas
1016 762 1101 823 aures

74 856 251 935 fatigarent,
276 856 308 914 in
328 857 437 917 rabiem
462 858 663 936 desperatione
686 860 771 933 versi,
786 880 886 936 parem
908 878 961 919 suo
982 860 1101 935 exitum,

76 951 248 1029 similesque
271 952 345 1029 ipsis
368 953 476 1011 amicos
498 961 529 1012 ct
549 954 768 1013 contubernales
789 954 987 1032 precabantur.
1037 954 1104 1013 Rex

76 1047 181 1106 dolore
204 1047 292 1105 simul
312 1054 344 1105 et
362 1048 471 1124 pudore
492 1049 605 1122 anxius,
618 1048 687 1126 quia
711 1068 796 1109 carisa
816 1033 909 1109 tautae
931 1048 1023 1109 cladis
1042 1051 1103 1127 ipae

77 1150 170 1216 esset,
203 1142 242 1200 ad
273 1142 521 1219 Phrataphernem
547 1143 725 1203 Parthorum
752 1144 904 1222 Satrapem
934 1142 1025 1219 misit,
1053 1142 1103 1222 qui

83 1238 210 1313 juberet
223 1238 340 1296 camelis
360 1244 442 1296 cocta
455 1238 564 1297 cibaria
585 1238 697 1307 afferre.
739 1238 824 1298 Alios
837 1258 949 1317 quoque
971 1238 1103 1297 finitima·

76 1352 146 1391 rum
175 1333 325 1411 regionum
349 1334 511 1410 praefectos,
538 1333 675 1392 certiores
697 1334 896 1393 ⁸neoessitatis
925 1353 985 1395 suae
1011 1334 1101 1394 fecit:

78 1431 154 1487 'nec
177 1436 322 1487 cessatum
346 1436 392 1487 est
411 1427 515 1505 abhis
557 1428 662 1507 Itaque
682 1430 757 1487 fame
779 1430 921 1489 duntaxat
940 1430 1103 1490 vindicatus

77 1524 239 1598 exercitus,
266 1524 383 1581 mdem
409 1524 439 1583 in
467 1522 616 1583 Gedrosiae
639 1524 709 1583 fines
736 1525 913 1603 perducitur.
966 1525 1104 1587 Omnium

78 1640 183 1679 rerum
195 1620 257 1681 sola
268 1619 376 1679 fertilis
397 1620 477 1698 regio
492 1627 546 1694 est,
561 1619 592 1678 in
604 1624 663 1697 quat
685 1621 791 1679 stativa
811 1619 923 1695 habuit,
936 1626 971 1679 ut
984 1627 1103 1681 vexatos

79 1715 200 1804 milites⁴
218 1714 315 1792 quiete
336 1716 472 1773 firmaret
522 1715 585 1773 Hic
609 1714 733 1773 Leonati
752 1715 866 1774 litteras
897 1716 1011 1793 accipit,
1040 1734 1103 1773 oon·
1186 1790 1193 1805 Β
1278 1746 1283 1755 -

79 1810 195 1869 dixisse
207 1809 304 1887 ipsum
317 1829 381 1867 cum
394 1816 459 1868 octo
472 1809 600 1869 millibus
624 1809 765 1886 peditum,
781 1816 810 1869 et
822 1809 987 1888 quingentis
1001 1809 1103 1887 equiti-

78 1907 138 1968 bus
162 1904 325 1979 Oriterum,
349 1924 485 1983 prospero
505 1913 620 1964 eventu.
661 1906 691 1965 A
714 1902 834 1965 Cratero
855 1924 964 1982 quoquc
978 1903 1103 1963 nuncius

80 2001 174 2076 seuit,
202 1999 342 2061 Orainem
368 2007 400 2059 et
433 2000 601 2077 Zariaspem
633 1999 745 2059 nobiles
779 2000 886 2060 Persas
912 1998 1103 2059 defectionem

79 2097 239 2156 molientes
251 2114 402 2172 oppressos
415 2114 433 2152 a
446 2114 485 2170 se,
499 2094 532 2153 iu
544 2093 667 2155 vinculis
682 2112 756 2153 csse,

145 2196 192 2252 35.
215 2190 380 2269 Praeposito
400 2190 493 2269 igitur
514 2190 626 2270 regioni
647 2188 779 2252 Siburtio
806 2188 939 2269 (namquo
966 2188 1103 2250 Memnon

80 2288 248 2348 Praefectus
271 2289 335 2364 ejus
358 2306 449 2364 nuper
472 2287 624 2346 interierat
651 2286 761 2366 morbo)
786 2285 817 2343 in
839 2283 1021 2346 Germaniam
1040 2285 1103 2363 ipse

80 2383 232 2462 prooessit
273 2383 414 2459 Aspastes
427 2389 489 2440 erat
502 2381 640 2459 Satrapes
660 2381 762 2461 gentis,
777 2387 925 2459 suspectus
939 2400 985 2441 res
997 2401 1103 2442 novare

81 2479 211 2540 voluisse
225 2477 295 2535 dum
318 2477 351 2534 in
374 2477 462 2536 India
482 2477 549 2536 Rex
570 2483 655 2539 esset.
698 2475 792 2546 Quem
805 2483 1007 2552 occurrentem,
1022 2476 1102 2536 dissi·

80 2576 196 2634 mulatb
222 2573 278 2647 iri,
300 2572 420 2630 comiter
446 2573 600 2646 allocutus,
628 2571 699 2630 dum
725 2572 889 2649 exploraret
915 2591 980 2651 qum
1007 2573 1103 2632 delata

82 2677 177 2745 erant,
192 2668 223 2726 in
246 2668 346 2727 eodem
366 2667 472 2726 honore
493 2666 604 2726 habuit.
647 2666 724 2727 (lum
744 2667 837 2726 Indiae
860 2667 996 2727 Praefecti
1017 2667 1104 2744 (sicut

81 2766 258 2843 imperatum
282 2767 356 2843 erat)
380 2783 525 2841 equorum,
545 2764 794 2840 jumentorumque
814 2761 957 2840 jugalium
983 2762 1042 2820 vim
1062 2761 1103 2818 in·

82 2869 209 2941 gentem,
235 2859 380 2934 exomni,
404 2879 470 2937 quas
494 2857 547 2917 sub
571 2857 694 2935 imperio
716 2864 788 2931 erat,
810 2858 923 2934 regione
946 2855 1102 2930 misissent,

82 2957 190 3036 quibus
203 2956 322 3013 deerant
335 2952 546 3032 impedimenta,
559 2953 700 3012 restituit.
750 2953 844 3011 Arma
857 2969 968 3030 quoque
980 2951 1018 3008 ad
1031 2950 1103 3028 pris·

83 3054 180 3112 tinum
203 3051 312 3112 refecta
333 3056 401 3108 sunt
428 3049 556 3109 cultum:
586 3048 693 3126 quippe
716 3046 792 3106 haud
815 3046 916 3125 procul
942 3066 962 3104 a
983 3046 1104 3106 Perside

83 3149 214 3221 abmnt,
238 3165 296 3204 non
319 3150 423 3222 pacata
449 3145 534 3204 modd
559 3142 719 3202 sedetiam
743 3143 886 3220 opulentat.
939 3141 1037 3222 Igitur
1058 3143 1105 3221 (ut

84 3243 173 3321 supra
188 3241 299 3299 dictum
313 3243 367 3320 est)
381 3239 534 3300 aemulatus
555 3238 654 3298 Patris
678 3237 778 3300 Liberi
791 3258 848 3296 nou
861 3237 984 3318 gloriam
998 3240 1103 3314 soldm,

84 3359 173 3418 quam
202 3357 240 3400 ex
265 3336 327 3394 illis
357 3336 495 3415 gentibus
520 3335 731 3412 deportaverat,
761 3334 813 3394 sed
841 3335 929 3392 etiam
954 3334 1103 3408 insrmiam,

86 3435 161 3512 (sive
183 3431 259 3490 illud
280 3430 444 3510 triumphus
457 3431 516 3488 fuit
530 3430 565 3490 ab
579 3448 613 3488 co
633 3429 759 3507 primum
782 3429 944 3503 institutus,
958 3429 1018 3487 sive
1041 3428 1105 3486 bac·

85 3529 236 3587 chantium
256 3527 360 3605 lusus),
374 3525 469 3584 animo
490 3544 574 3602 super
587 3523 743 3582 humanum
763 3523 914 3602 fastigium
927 3522 1002 3580 elato
1016 3521 1103 3594 vicos,

86 3643 137 3700 per
149 3639 224 3701 quos
244 3621 301 3679 iter
321 3628 392 3695 erat,
412 3620 530 3681 floribus
554 3619 721 3696 coronisque
741 3617 833 3677 sterni
851 3617 943 3693 jubet.
984 3613 1104 3672 Limini-

86 3719 140 3779 bus
153 3717 264 3778 adium
284 3722 409 3775 crateras
422 3715 490 3774 vino
503 3713 635 3790 repletas,
650 3720 680 3770 et
693 3712 758 3772 alia
772 3711 885 3770 eximiae
897 3707 1104 3787 magnitudinis

85 3831 155 3873 vasa
175 3810 298 3886 disponi
340 3807 484 3868 Vehicula
506 3806 611 3864 deinde
634 3808 653 3834 ¹⁰
663 3811 817 3878 constrata,
830 3811 865 3860 ut
886 3802 984 3879 plures
1004 3819 1104 3876 capere
1216 3861 1230 3878 ,

86 3905 197 3964 milites
220 3912 346 3981 possem,
359 3905 390 3962 in
411 3901 661 3962 tabernaculorum
682 3898 798 3957 modum
813 3896 916 3969 ornari,
938 3895 996 3954 alia
1010 3895 1104 3954 cendi·
