2592 4400
147 381 186 442 60
495 394 634 446 curari
661 393 813 434 ouurrr.

148 535 186 598 ad
206 532 432 613 persequendum
443 532 556 592 hostem
578 531 704 592 animum
723 531 868 609 incendit3
888 532 996 610 quippe
1008 537 1123 591 urente
1146 537 1183 590 et
1278 506 1279 525 Χ

69 626 302 737 ῷϋροριὼυω
329 647 362 688 eo
388 634 505 703 terrem,
534 627 727 687 festinandum
752 635 823 703 erat,
843 647 880 685 ue
906 625 1037 686 incendio
1056 632 1182 684 cuneta
1278 680 1279 683 ,

149 723 322 803 praeriperet.
383 722 420 782 In
454 723 594 782 rationem
627 727 698 802 ergo
731 722 884 781 necessitas
918 741 1017 782 versa:
1051 721 1203 801 quippe·

151 819 286 893 Mazaeus,
306 817 356 897 qui
380 819 466 877 ested
485 819 556 896 'per
577 818 670 876 otium
694 817 776 876 vicos
796 815 969 891 incenderat,
987 818 1048 894 lam
1061 817 1182 895 fugere
1278 876 1279 899 ζ

150 921 311 989 captentur,
325 914 461 992 pleraque
481 912 620 972 inviolate
641 911 720 971 hosti
732 912 857 990 reliquit.
899 912 1065 972 Alexander
1084 911 1181 970 haud

148 1008 266 1099 iongids
279 1007 597 1088 centumquadraginta
610 1007 713 1067 stadiis
733 1006 855 1066 Darium
868 1007 967 1068 abesse
976 1013 1178 1084 compererat
1278 1072 1279 1085 χ

83 1089 255 1200 'qfffIteque
278 1103 316 1162 ed
338 1103 500 1163 satietatem
523 1121 632 1182 quoque
655 1101 739 1179 copia
762 1109 969 1161 commeatuum
995 1103 1177 1175 instructus,
1278 1096 1280 1119 '

130 1191 135 1210 ”
150 1197 303 1278 quatriduo
313 1198 345 1256 in
358 1198 460 1256 eodem
472 1197 535 1256 loco
548 1196 687 1257 substitit
1278 1186 1279 1209 ¹

212 1297 258 1353 41.
280 1293 453 1370 Interceptae
474 1292 579 1350 deinde
603 1290 686 1350 Darii
707 1290 815 1350 litterae
841 1297 916 1367 sunt,
936 1291 1042 1370 quibus
1069 1291 1178 1352 Graeci

152 1389 262 1448 milites
276 1387 512 1462 sollicitabantur,
525 1393 560 1446 ut
580 1386 691 1465 Regem
709 1387 914 1464 interficerent,
926 1393 976 1444 aut
989 1387 1152 1465 proderent
1167 1406 1176 1446 ε
1278 1396 1279 1405 ’

154 1483 352 1561 dubitavitque
366 1501 403 1540 su
417 1501 465 1542 eae
486 1501 537 1560 pro
551 1483 685 1540 concione
703 1481 848 1556 recitaret,
863 1483 935 1541 satis
949 1483 1071 1540 confisus
1085 1481 1175 1542 Gree-

137 1583 252 1664 deorum
274 1597 385 1656 quoque
409 1597 478 1656 erge
498 1595 529 1636 ee
548 1576 755 1638 benevolentiae
768 1595 801 1635 ac
813 1576 886 1638 fidei.
928 1575 987 1637 Sed
1010 1577 1175 1636 Parmenio

156 1673 306 1748 deterruit,
319 1691 376 1731 non
389 1691 450 1732 esse
473 1671 582 1732 talibus
595 1672 743 1750 promissis
761 1671 931 1732 imbuendas
943 1690 1027 1730 sures
1040 1671 1174 1730 militum

48 1781 50 1786 ’
155 1769 313 1846 affirmans,
337 1770 355 1798 ¹⁰
366 1775 465 1846 patere
477 1768 524 1828 vel
536 1767 621 1826 unius
635 1766 752 1827 insidiis
764 1767 892 1846 Regem:
922 1765 996 1824 nihil
1008 1769 1090 1826 nefas
1103 1787 1174 1826 esse

155 1864 293 1947 avaritiae.
348 1863 471 1924 Secutus
497 1860 611 1922 consilii
643 1867 798 1936 auctorem,
824 1868 919 1920 cestra
950 1862 1048 1922 movit
1074 1862 1173 1921 'Iter

155 1959 286 2035 facienti,
308 1958 397 2036 spado
423 1977 497 2018 unus
519 1977 556 2017 ex
576 1957 708 2035 captivis,
728 1957 779 2036 qui
803 1956 887 2015 Darii
909 1953 1027 2016 u‘xorem
1049 1958 1170 2015 comita

104 2047 268 2162 qt'bantur,
284 2055 403 2114 deficere
417 2073 480 2112 eam
492 2053 619 2127 nunciet,
634 2059 664 2112 ct
677 2052 728 2111 rix
747 2052 882 2130 spiritum
895 2051 1005 2122 ducere.
1046 2051 1170 2112 Itineris

156 2149 285 2209 continui
309 2148 406 2211 labore
429 2148 572 2227 animique
593 2147 764 2225 {egritudine
784 2147 916 2227 fatigata,
931 2147 1007 2206 inter
1021 2155 1116 2207 socrts
1136 2157 1170 2208 et
1190 2164 1197 2179 ·

156 2244 300 2323 virginum
320 2243 444 2303 filiarum
465 2262 566 2301 manus
581 2245 600 2273 ¹¹
611 2242 737 2319 collapsa
758 2250 839 2319 erat3
861 2241 966 2300 deinde
981 2249 1011 2300 et
1030 2244 1167 2301 extincta.

159 2338 229 2421 ¹²·Id
251 2338 345 2415 ipsum
357 2337 503 2412 nuncians,
518 2337 593 2397 elius
614 2338 786 2415 supervenit.
838 2337 879 2395 Et
892 2336 967 2412 Rex,
981 2337 1059 2396 haud
1073 2340 1168 2414 sectis,

123 2488 130 2501 ,
157 2436 244 2513 quem
258 2433 283 2492 si
296 2433 425 2509 parentis
438 2451 515 2493 mors
533 2432 670 2491 noronte
689 2439 772 2507 essct,
785 2432 900 2492 crebros
919 2432 1013 2491 edidit
1025 2432 1167 2511 gemitus,

17 2531 56 2603 ,l
66 2524 137 2579 m
150 2527 344 2607 ¹lacryrnieque
368 2526 487 2602 obortis,
510 2528 609 2606 quales
636 2526 745 2586 Darius
770 2526 954 2605 profudisset,
981 2528 1012 2585 in
1038 2528 1170 2587 taberna·

158 2623 263 2697 culum,
277 2622 309 2682 in
334 2640 389 2701 quo
413 2628 593 2681 meterent
616 2622 709 2697 Darii,
737 2621 870 2681 defuncto
896 2622 1025 2681 assidens
1044 2623 1168 2700 corpori,
1278 2621 1279 2626 ’

157 2717 243 2779 veuit.
285 2716 345 2776 Hic
367 2718 434 2777 verb
456 2723 609 2775 renovatus
631 2722 677 2775 est
696 2734 810 2791 moeror,
832 2724 866 2775 ut
889 2723 1061 2794 prostratam
1088 2717 1168 2776 humi
1278 2723 1279 2730 ’

158 2812 250 2898 vidit:
280 2811 388 2871 recenti
413 2810 487 2869 melo
514 2810 641 2889 priorum
668 2829 781 2889 quoque
808 2810 953 2869 admonita
972 2820 1118 2889 receperat
1136 2812 1169 2870 iu
1278 2813 1279 2872 ἐ

158 2908 297 2987 gremium
311 2906 425 2966 adultae
437 2906 573 2985 virginee,
586 2926 690 2985 magne
699 2906 814 2985 quidem
826 2906 920 2980 mutui
933 2904 1041 2965 doloris
1055 2908 1166 2982 solatia,
1204 2917 1209 2927 '

52 3002 74 3067 s
79 2999 209 3061 m‘eed
222 3002 326 3079 quibus
339 3000 403 3078 ipsa
417 3000 532 3061 deberet
552 3019 614 3059 esee
627 3000 738 3059 solatio.
791 2999 828 3059 Iu
840 3007 993 3077 conspectu
1006 3008 1069 3059 orat
1080 3021 1166 3079 nepos
1278 3063 1279 3080 ἶ

159 3096 304 3174 parvulus,
326 3094 362 3154 ob
383 3094 415 3163 id
435 3095 530 3171 ipsum
543 3094 727 3169 miserabilis,
751 3093 859 3173 l'quiid
878 3095 1007 3153 nonddm
1026 3096 1167 3156 sentiebat
1278 3131 1279 3158 ;

159 3189 362 3265 calamitatem,
373 3189 498 3247 maxime
511 3208 548 3247 ex
570 3195 653 3265 parte
672 3188 709 3246 ed
730 3188 825 3266 ipsum
844 3188 1059 3249 redundantem.
1102 3190 1166 3251 Ore
1278 3261 1279 3268 ἵ

160 3284 241 3345 deres
255 3282 452 3343 Alexandrum
464 3282 539 3342 inter
551 3301 618 3342 enas
627 3282 853 3343 necessitudines
865 3285 940 3358 flere,
954 3290 984 3342 et
996 3284 1101 3343 solatia
1112 3306 1167 3344 nou
1277 3293 1280 3332 ὲ

92 3409 94 3415 ·
160 3378 303 3453 adhibere,
331 3376 387 3437 sed
415 3396 549 3454 quoerere.
611 3374 685 3454 Cibo
711 3379 789 3435 certe
823 3378 971 3453 abstinuit,
1004 3377 1180 3458 omnemque

62 3478 82 3546 s
89 3464 154 3547 m)
160 3474 294 3549 honorem
306 3472 411 3547 funeri,
425 3471 520 3549 patrio
533 3471 687 3531 Persarum
699 3490 785 3547 more,
800 3473 942 3532 servavit:
964 3472 983 3501 ¹⁴
990 3473 1095 3551 dignus
1106 3475 1158 3534 her
1174 3496 1178 3501 ·
1204 3467 1246 3537 'J‘

160 3568 234 3649 culd,
255 3567 304 3646 qui
330 3586 405 3627 nunc
428 3586 539 3646 quoque
561 3572 653 3625 tantae
674 3567 902 3627 mansuetudinis
928 3574 958 3626 et
984 3568 1143 3633 continenti
1216 3597 1222 3612 ·

159 3663 234 3723 feret
256 3662 389 3723 fructum.
431 3662 526 3722 Semel
548 3659 663 3721 omnint
687 3680 751 3719 eam
775 3659 924 3737 ¹‘videret,
944 3680 1001 3739 quo
1021 3661 1069 3721 die
1088 3670 1169 3739 cepta
1277 3591 1280 3758 J

160 3764 214 3833 est,
228 3776 280 3817 neo
300 3764 335 3819 ut
353 3757 454 3837 ipsam,
469 3756 521 3817 aed
540 3762 574 3815 ut
594 3754 679 3815 Darii
698 3761 819 3815 matrem
830 3756 959 3816 rideret:
981 3756 1168 3837 eximiamque
1195 3815 1200 3825 ,
1277 3767 1280 3841 t
