2592 4400
405 402 528 441 urana
555 402 610 441 rx.
643 402 728 441 car.
761 402 813 441 1v.
971 407 973 412 ·
1056 386 1114 443 225

99 548 248 615 cremant,
269 541 349 619 qnod
368 541 436 601 adm
456 540 514 618 ipsi
534 548 682 617 angerent,
697 541 795 599 hostes
815 540 1026 619 extinguerent,
1040 560 1115 601 nora

99 636 193 695 forma
208 656 315 714 pugnae
329 630 399 695 erat
441 636 607 696 'Delebant
627 636 729 695 incolae
743 636 854 710 urbem,
868 635 967 695 hostes
981 637 1123 702 defende-f

99 730 186 791 bant:
207 731 281 790 adeo
295 732 385 789 etiam
407 739 521 791 natnrae
540 734 609 808 jura
630 731 740 792 bellum
764 732 794 789 in
809 732 985 789 contrarium
1007 740 1110 791 mutat

98 826 163 885 Arx
186 834 250 885 erat
272 826 371 904 oppidi
392 827 510 901 intacta,
525 827 556 884 in
579 830 639 906 qud
653 825 821 903 praesidinm
837 825 1000 906 dereliquit.
1043 827 1112 905 Ipse

97 920 212 1000 navigio
234 922 444 981 circumvectus
467 930 512 980 est
535 940 646 980 aream:
677 920 803 1000 'qnippe
826 920 884 979 tria
905 922 1032 993 flumina,
1047 928 1111 981 tota

98 1016 187 1075 India
213 1023 322 1095 prater
345 1016 476 1100 Gangem
503 1018 639 1091 maxima,
662 1017 839 1075 munimento
867 1016 941 1073 arcis
965 1017 1112 1093 applicant

97 1112 198 1170 undas.
241 1112 271 1170 A
299 1112 503 1190 Septentrione
532 1112 626 1172 Indus
655 1112 748 1189 alluit,
772 1132 790 1171 a
817 1111 943 1171 Meridie
963 1112 1111 1184 ,Accensa

100 1206 236 1285 Hydaspi
249 1208 443 1267 confunditur.

161 1306 206 1361 ll.
231 1302 381 1363 (laeterdm
407 1303 534 1361 amnium
561 1302 657 1361 coitus
684 1302 839 1361 maritimis
868 1302 979 1362 similes
1006 1304 1110 1363 fluetus

97 1405 204 1472 moret,
224 1398 374 1481 multoque
401 1418 434 1457 ac
457 1398 576 1458 turbido
599 1397 680 1470 limo,
704 1397 781 1475 qnod
808 1417 947 1476 aquarum
971 1418 1111 1459 concursu

98 1493 223 1553 subinde
244 1493 388 1569 turbatur,
402 1494 486 1568 ⁷iter,
500 1493 559 1572 quia
572 1499 670 1551 meant
683 1492 808 1571 navigia,
822 1494 852 1551 in
867 1501 983 1552 tenuem
998 1494 1111 1555 alveum

97 1589 221 1667 cogitur.
264 1588 370 1666 Itaque
391 1590 459 1647 edm
482 1589 575 1647 crebri
587 1589 693 1649 tinctus
708 1606 739 1647 se
753 1588 929 1665 inveherent,
945 1596 974 1648 et
993 1592 1110 1650 navium

96 1684 164 1743 hinc
188 1704 299 1761 proras,
313 1685 382 1742 hinc
405 1684 499 1742 latera
520 1683 679 1760 pulsarent,
701 1682 881 1743 'subducere
903 1692 1001 1745 nantas
1022 1682 1120 1764 coepe·v

96 1786 174 1838 runt.
218 1779 277 1839 Sed
299 1779 476 1838 ’ministeria
496 1798 604 1852 eorum,
617 1777 685 1837 hine
710 1786 798 1853 metu,
814 1779 879 1837 hinc
893 1778 1054 1858 praerapida
1070 1800 1110 1839 ce·

97 1874 381 1934 lenitatefluminum
395 1881 581 1951 occupantur.
623 1873 660 1933 In
675 1874 766 1933 oculis
788 1872 845 1932 dno
860 1876 970 1950 majora
984 1875 1111 1933 omnium

97 1971 213 2050 navigia
227 1971 374 2029 submersa
388 1978 472 2029 sunt:
493 1970 601 2028 leviora
614 1971 682 2028 enm
696 1976 726 2027 et
747 1970 810 2046 ipsa
829 1970 982 2047 nequirent
996 1970 1065 2047 regi,
1081 1970 1111 2028 in

17 2124 21 2132 ,
96 2066 193 2144 ripam
217 2074 313 2123 tamen
336 2065 485 2123 ¹⁰innonie
499 2064 620 2143 expulsa
634 2072 710 2123 sunt.
753 2064 822 2141 Ipse
845 2064 912 2123 Rex
937 2065 967 2121 in
991 2065 1111 2142 rapidis-

97 2162 187 2222 simos
200 2161 327 2220 vortices
341 2160 460 2237 incidit3
482 2160 589 2240 quibus
608 2160 719 2218 intorta
732 2160 822 2236 naris,
837 2156 956 2239 obliqua
976 2168 1006 2218 et
1028 2161 1046 2188 ¹¹
1060 2181 1111 2240 gn-

97 2257 248 2318 berneculi
268 2257 431 2334 impatiens,
445 2255 592 2334 agebatur.
635 2255 659 2315 J
661 2276 707 2314 am
727 2262 839 2316 vestem
863 2255 1030 2315 detraxerat
1051 2277 1112 2316 cor·
1152 2257 1165 2280 ⁸

97 2354 170 2432 pori,
185 2355 370 2431 projecturus
383 2359 475 2411 semet
489 2351 642 2423 indumen,
654 2351 796 2428 amicique
806 2359 841 2409 nt
855 2351 1024 2429 exciperent
1037 2373 1112 2429 eum,

98 2449 176 2506 baud
197 2447 300 2526 procul
321 2447 446 2506 nebant:
468 2448 486 2475 ¹²
496 2447 711 2525 apparebatque
736 2465 842 2524 anceps
867 2448 1036 2524 periculum,
1051 2455 1113 2508 tani

98 2544 237 2619 nataturi,
258 2544 346 2621 qnam
370 2542 508 2619 navigare
532 2543 754 2619 perseverantis.
808 2541 887 2619 Ergd
915 2541 1026 2620 ingenti
1054 2564 1111 2602 cer·

99 2640 209 2696 tamine
232 2637 378 2696 concitant
400 2655 503 2712 remos,
522 2643 686 2714 quantaque
701 2636 744 2694 vis
766 2634 891 2694 hnmana
913 2655 975 2694 esse
996 2645 1112 2713 poterat

99 2733 218 2792 admota
245 2740 299 2807 est,
324 2739 358 2790 nt
380 2732 495 2806 flnctus,
519 2730 571 2809 qni
598 2750 629 2789 se
656 2730 837 2804 invehebant,
865 2730 1109 2790 everberarentur.

100 2829 189 2888 Ilindi
204 2829 336 2887 crederes
349 2827 451 2902 undas,
466 2834 497 2884 et
517 2828 597 2884 retro
610 2827 743 2905 gurgites
764 2825 874 2884 cedere.
917 2824 1030 2895 Quibus
1051 2833 1110 2884 tan-

99 2925 166 2984 dem
180 2925 263 2984 naris
277 2930 384 3001 erepta,
396 2943 454 2980 non
467 2926 565 2987 tamen
574 2923 646 2999 ripae
661 2921 831 2998 applicatur,
841 2920 891 2978 sed
903 2919 933 2977 in
947 2920 1111 2997 proximum

99 3021 207 3079 vadum
227 3018 362 3077 illiditur.
406 3017 480 3079 (lum
503 3017 586 3076 amne
610 3016 718 3077 bellum
732 3016 822 3074 inisse
844 3015 982 3074 crederes.
1028 3017 1109 3096 Ergo

99 3118 158 3176 aris
179 3134 233 3192 pro
246 3133 367 3173 numero
381 3114 531 3172 fluminum
545 3113 658 3191 positis,
674 3111 871 3190 sacrificioque
886 3111 974 3187 lacto,
990 3113 1111 3192 triginta

99 3211 196 3270 stadia
209 3209 358 3288 processit.

162 3310 207 3364 12.
231 3305 306 3364 Inde
329 3311 449 3365 ventum
471 3310 517 3362 est
538 3303 569 3361 in
593 3301 739 3382 regionem
767 3301 987 3380 Oxydracarnm
1010 3303 1111 3362 Mallo·

99 3420 241 3480 rumque,
262 3419 335 3478 quoe
358 3400 433 3457 alias
456 3399 564 3459 bellare
586 3398 663 3456 inter
688 3417 719 3456 ae
742 3397 852 3472 solitos,
869 3405 939 3456 tuno
962 3397 1112 3476 ”periculi

100 3499 226 3574 societas
248 3498 395 3572 junxerat
447 3493 615 3572 Nonaginta
638 3493 732 3552 millia
751 3493 900 3569 juniorum
923 3492 1055 3570 peditum
1079 3493 1110 3549 in

100 3594 190 3652 armis
206 3597 297 3649 erant.
340 3589 454 3648 Praeter
473 3588 527 3648 hos
541 3589 671 3667 equitnm
685 3588 784 3646 decem
798 3587 891 3645 millia
903 3593 1112 3665 nongentaeque

100 3688 257 3768 quadrigae
300 3685 345 3744 At
369 3685 552 3758 Macedones,
577 3684 627 3763 qui
655 3683 759 3742 “omni
787 3681 952 3741 discrimine
977 3683 1039 3759 jam
1065 3681 1113 3738 dc·

100 3787 219 3842 functos
244 3802 276 3840 se
300 3801 363 3840 esse
386 3782 579 3854 crediderant,
593 3780 748 3858 postquam
762 3779 906 3855 integrum
927 3776 1035 3836 bellum
1049 3796 1114 3834 cum

101 3878 290 3940 ferocissimis
306 3877 402 3936 Indiae
413 3877 549 3955 gentibus
570 3892 721 3952 superesse
742 3878 946 3952 cognorerunt,
961 3870 1115 3949 improuiso

256 3975 310 4032 10*
