2592 4400
406 380 531 423 ursan
560 382 613 426 rx.
644 382 732 425 aar.
763 382 816 425 1x.
1024 360 1037 385 ⁸
1058 367 1119 427 289

97 519 220 599 ignari:
248 523 391 599 quantum
416 518 487 579 iudd
511 519 627 582 abesset
650 541 740 598 mma,
761 542 828 602 quse
855 529 958 601 gentes
982 522 1118 599 colerent„

27 601 33 607 ⁵
97 614 193 692 quiam
215 614 363 691 placidum
384 615 479 674 amuis
498 634 541 687 cs,
556 616 666 696 'quam
689 618 804 694 patiens
829 618 979 695 longarum
1003 619 1119 679 navium

98 717 192 780 esset,
212 730 320 788 anceps
344 718 374 768 et
397 730 475 771 caeca
496 711 652 773 aestimatio
676 713 881 791 augurabatur.
934 713 1033 774 Unum
1057 721 1120 773 erat

99 806 279 865 temeritatis
292 806 438 882 solatium,
458 815 600 885 perpetua
620 808 755 869 felicitas
798 809 821 869 J
822 830 868 868 am
888 810 1120 888 *quadringenta

99 901 200 961 stadia
213 909 421 978 processerant,
433 904 501 961 ciam
514 904 723 981 gubernatores
738 922 893 981 agnoscere
907 904 986 983 ipsos
1000 904 1120 963 'auram

99 996 201 1069 maris,
216 1003 247 1055 et
271 996 349 1054 haud
371 997 474 1073 procul
497 997 592 1057 videri
616 997 675 1058 sibi
697 998 845 1059 Oceanum
866 998 974 1074 abesse,
990 998 1120 1057 iudicant

101 1092 189 1171 Regi.
232 1092 335 1151 Laetus
347 1092 400 1151 ille
413 1093 526 1151 hortari
539 1093 672 1152 nauticos
688 1093 784 1171 coepit,
800 1094 1000 1153 incumberent
1020 1094 1118 1168 remis,
1134 1160 1147 1187 ο

97 1188 207 1246 edesse
227 1189 313 1247 finem
339 1188 449 1247 laboris
471 1190 603 1249 omnibns
627 1191 706 1248 votis
734 1190 904 1268 expetitum.
948 1189 1018 1249 Jam
1044 1190 1119 1249 nihil

97 1282 207 1361 gloriae
229 1284 338 1358 deesse,
353 1284 429 1342 nibil
452 1284 571 1343 obstare
594 1285 706 1345 virtuti.
750 1286 819 1345 Siue
844 1286 907 1344 ullo
931 1286 1038 1345 Martis
1062 1286 1119 1345 dis·

99 1379 232 1452 crimine,
247 1379 309 1437 siue
323 1380 462 1458 sanguine
476 1379 576 1439 orbem
590 1387 677 1441 terrae
692 1381 728 1440 ab
742 1381 802 1439 illis
816 1380 887 1460 capi.
924 1381 971 1441 Ne
984 1390 1118 1451 naturam
1167 1441 1174 1463 1

99 1474 220 1553 quidem
234 1475 352 1551 longius
364 1494 449 1553 posse
463 1475 637 1553 procedere;
660 1476 742 1535 brevi
757 1477 912 1556 incognita,
928 1478 985 1537 nisi
1005 1478 1118 1537 immor·

99 1570 220 1645 talibus,
234 1589 299 1628 esse
310 1570 435 1629 visurus.
479 1571 593 1630 Paucos
613 1578 710 1629 tamen
730 1572 844 1650 navigio
860 1572 957 1631 emisit
969 1574 1000 1631 in
1014 1574 1116 1651 ripam,

98 1665 151 1743 qui
173 1672 306 1743 agrestes
327 1684 416 1744 vagos
438 1667 645 1743 exciperent,e
667 1666 773 1745 quibus
795 1667 919 1726 certiora
940 1668 1019 1726 nosci
1034 1687 1118 1745 posse

100 1762 246 1839 sperabat.
290 1760 342 1819 Illi
362 1762 484 1820 scrutati
498 1763 594 1820 omnia
607 1762 734 1839 tuguria,
749 1762 869 1820 taudem
893 1762 1019 1821 latentes
1039 1782 1115 1840 repe·

99 1864 174 1914 rere.
218 1855 279 1926 Qui
302 1857 473 1935 interrogati
485 1859 572 1935 quam
594 1857 696 1935 procul
715 1857 850 1917 abessent
863 1856 944 1932 mari,
959 1857 1114 1933 respoude-

98 1959 170 2010 runt
185 1952 299 2009 nullum
313 1953 392 2029 ipsos
405 1972 485 2011 mare
498 1973 536 2011 ne
548 1953 627 2010 fami
640 1953 759 2031 quidem
773 1952 926 2030 accepisse.
965 1951 1115 2012 Caeterum

18 2046 24 2057 ’
98 2048 189 2106 tertio
203 2046 252 2105 die
266 2048 410 2125 perieniri
424 2067 509 2125 posse
520 2049 558 2106 ad
572 2068 675 2127 aquam
690 2066 826 2120 amaram,
837 2066 903 2125 quae
917 2055 1116 2124 corrumperet

97 2143 224 2202 dulcem.
268 2143 455 2202 Intellectum
477 2151 523 2203 est
546 2163 626 2203 mare
651 2142 792 2203 destinari
814 2144 851 2203 ab
876 2142 983 2221 ignaris
1004 2150 1116 2204 naturae

97 2243 171 2318 ejus.
216 2239 321 2318 Itaque
335 2240 446 2317 ingenti
465 2240 618 2299 alacritate
637 2239 748 2298 nautici
763 2240 918 2316 remigant,
934 2247 964 2298 et
983 2240 1115 2317 proximo

98 2355 216 2414 quoque
231 2335 288 2410 die,
303 2333 379 2412 ‘quo
392 2336 514 2413 propius
536 2355 603 2414 spes
627 2335 845 2409 admovebatur,
861 2335 1009 2395 crescebat
1029 2336 1115 2394 ardor

98 2431 270 2489 animorum,
292 2426 294 2430 ’
315 2431 418 2489 Tertio
440 2433 501 2508 jam
523 2431 570 2490 die
591 2431 715 2488 mixtum
735 2430 847 2490 flumini
871 2431 1006 2491 'subibat
1027 2451 1114 2508 mare,

98 2526 157 2584 leni
178 2525 275 2583 adhuc
297 2533 373 2584 cestu
397 2526 593 2584 confundente
616 2526 747 2602 dispares
770 2526 871 2584 undae.
926 2525 1001 2584 Tum
1028 2527 1115 2586 aliam

97 2621 242 2679 ⁸insulam
265 2621 361 2684 medio
374 2621 452 2680 amni
473 2621 560 2680 sitam
574 2622 666 2680 evecti
680 2621 767 2698 pauld
786 2621 904 2695 lentius,
922 2623 990 2699 quia
1012 2641 1115 2681 cursus

97 2723 184 2776 sestu'
209 2717 458 2793 reverberabatur,
483 2717 629 2795 applicant
656 2717 787 2792 classem,
815 2724 846 2775 et
871 2716 908 2776 ad
937 2726 1114 2776 commeatus

98 2811 243 2889 petendos
270 2811 446 2886 discurrunt,
469 2813 583 2870 'securi
604 2814 688 2870 casus
716 2813 782 2887 ejus
810 2810 860 2888 qui
885 2809 1051 2886 supervenit
1075 2810 1114 2890 ig

97 2907 187 2964 uaris.

158 3004 207 3060 30.
230 3001 332 3062 Tertia
354 3003 445 3060 iermd
473 3002 544 3061 bora
567 3010 638 3076 erat,
666 3003 734 3060 edm
759 3003 777 3031 ¹⁰
786 3005 865 3060 stata
889 2999 953 3061 nice
981 2999 1145 3062 Oceanus*

99 3106 267 3157 exaestuans
293 3097 392 3157 invehi
419 3098 515 3177 coepit,
541 3106 572 3157 et
597 3098 678 3157 retrd
705 3098 812 3156 flumen
838 3117 950 3175 urgere.
999 3097 1114 3169 ”Quod

98 3194 193 3270 primd
212 3193 380 3268 coercitum,
395 3193 501 3254 deinde
515 3194 714 3255 vehementius
735 3195 860 3272 pulsum,
875 3195 984 3273 majora
1004 3196 1115 3273 impetu

95 3291 253 3348 adversum
267 3289 416 3368 agebatur,
429 3291 519 3368 quim
534 3290 675 3348 tumentia
687 3290 834 3367 praecipiti
854 3291 937 3350 alveo
952 3291 1112 3349 incurrunt.

100 3385 207 3464 Ignota
220 3384 306 3461 vulgo
320 3385 390 3443 freti
412 3392 517 3444 natura
539 3393 612 3459 erut,
626 3393 823 3465 monstraque,
839 3395 869 3446 et
891 3387 943 3444 irae
957 3386 1055 3443 Deum
1074 3386 1114 3442 in·
1198 3455 1206 3470 ι

99 3482 175 3540 dicia
189 3499 309 3540 cernere
322 3480 505 3541 videbantur.
548 3480 716 3540 Identidem
732 3483 923 3542 intumescere
938 3499 1025 3554 mare,
1039 3480 1113 3537 etin

99 3595 213 3654 campos
236 3575 326 3653 paulb
347 3576 415 3634 ante
438 3577 530 3635 sicem
554 3577 729 3636 descendere
752 3578 943 3654 superfusum.
987 3575 1113 3653 Jamque
1200 3567 1204 3576 “

101 3672 230 3732 ¹¹levatis
252 3671 386 3752 navigiis,
400 3678 432 3731 et
454 3675 520 3729 tota
532 3671 624 3730 classe
648 3672 790 3750 dispersa,
804 3673 856 3750 qui
877 3669 1001 3747 expositi
1021 3676 1112 3742 crant,

100 3768 226 3846 undiquc
239 3767 279 3826 ad
288 3785 378 3826 naves
391 3766 500 3844 trepidi
514 3774 545 3825 et
558 3767 715 3844 improuiso
728 3766 805 3825 malo
815 3764 936 3824 attoniti
949 3771 1110 3822 recurrunt

100 3862 155 3922 Sed
170 3865 201 3922 iu
214 3862 347 3928 tumultu
359 3863 508 3922 festinatio
527 3864 642 3940 qualus
663 3862 748 3921 tarda
762 3869 814 3920 est.
861 3860 904 3918 Hi
919 3860 1015 3918 contis
1035 3860 1112 3918 navi·
1183 3895 1189 3914 t
