2592 4400
204 404 262 461 114
551 419 691 471 011111
718 418 858 461 0011111

132 552 171 598 s‘
200 556 317 617 condita
344 579 362 618 a
389 558 509 619 Gracia.
561 558 611 619 Ihi
634 558 743 619 stativa
767 558 835 619 Rex
862 557 975 633 habuit,
1000 560 1209 621 commeatibus

199 652 327 731 undique
352 653 490 713 adrectis.
533 654 638 733 Itaque
659 674 766 729 rumor,
789 654 876 713 otiosi
897 654 1001 713 militis
1015 647 1134 731 vitium',
1150 656 1210 713 sine

199 755 316 806 anctore
337 748 510 827 percrebuit,
529 749 640 827 Regem
663 757 832 833 contentum
851 749 938 808 rebus
968 769 1041 828 quas
1063 751 1210 829 gessisset,

199 842 229 900 iu
255 842 455 903 Macedoniam
477 844 610 922 protinus
631 845 728 904 redire
751 845 897 903 statuisse.
940 844 1119 903 Discurrunt
1145 846 1211 923 lym·

197 936 294 1015 phatis
308 938 421 997 similes
434 939 465 997 in
485 938 680 1015 tabernacula,
695 946 725 999 et
746 939 845 998 itineri
864 939 990 999 sarcinas
1012 946 1136 1015 aptant:
1160 942 1210 1017 sig·

131 1038 135 1048 '
196 1044 266 1091 num
280 1032 380 1091 datum
394 1033 536 1107 crederes,
550 1041 584 1093 nt
596 1053 667 1093 vasa
681 1034 858 1113 colligerent.
896 1034 980 1093 Totis
993 1034 1098 1093 castris
1108 1035 1211 1093 turnul-

197 1134 254 1201 tus,
270 1127 337 1186 hinc
360 1128 582 1187 contubernales
603 1148 672 1187 suos
694 1129 915 1208 requirentium,
937 1129 1004 1187 hino
1027 1130 1210 1187 onerantium

196 1221 335 1299 plaustra,
350 1223 499 1300 perfertur
509 1223 546 1281 ad
560 1224 680 1302 Regem.
725 1224 866 1282 Fecerant
879 1223 965 1281 fidem
976 1224 1085 1283 rumori
1100 1226 1210 1283 temere

196 1315 315 1393 rulgato
328 1315 425 1376 Graeci
438 1316 557 1391 milites,
572 1318 667 1376 redire
679 1318 756 1395 jussi
771 1318 892 1393 domos,
914 1337 1038 1396 quorum
1060 1319 1212 1397 equitibus

196 1410 318 1486 singulis
332 1410 515 1469 denariorum
529 1432 599 1471 sena
612 1412 707 1472 millia
721 1413 796 1471 dono
812 1413 942 1472 dederat.
998 1412 1078 1490 Ipsis
1092 1434 1212 1493 qnoque

173 1501 281 1563 „finem
304 1505 418 1564 militias
431 1506 534 1565 adesse
547 1508 711 1568 credebant.
774 1507 865 1567 Haud
881 1512 962 1567 senis
976 1510 1065 1588 qudm
1080 1518 1212 1585 parerat

194 1600 317 1659 territus
331 1600 508 1677 Alexander,
522 1604 573 1682 qui
588 1603 679 1663 Indos
690 1610 778 1684 atque
790 1605 799 1633 ⁸
809 1603 915 1662 ultima
926 1603 1059 1664 Orientis
1070 1624 1211 1683 peragere

193 1696 353 1772 statuisset,
370 1695 531 1757 Praeiectos
545 1698 691 1777 copiarum
712 1699 742 1756 in
762 1698 938 1757 Praetorium
958 1698 1113 1772 contrahit,
1130 1700 1212 1759 obor-

194 1792 291 1871 tisque
323 1793 470 1872 lacrymis,
492 1813 529 1852 ex
554 1793 649 1853 medio
673 1793 776 1873 gloriae
799 1794 892 1870 spatio
914 1794 1045 1853 revocari
1076 1813 1118 1867 se,
1141 1794 1212 1855 vieti

194 1890 288 1967 magis
301 1895 389 1967 quam
401 1888 521 1947 victoris
534 1889 681 1948 fortunam
702 1889 732 1945 in
750 1888 875 1965 patriam
888 1888 1057 1963 relaturum,
1073 1908 1210 1968 conques-

177 1980 244 2043 'tns
255 1991 314 2043 est:
336 2004 389 2043 neo
411 1984 468 2044 sibi
485 1984 631 2061 ignaviam
653 1983 780 2041 militnm
794 1983 909 2043 obstare
922 1983 974 2042 sed
996 1982 1126 2043 Deorum
1141 1985 1211 2045 iuvi·

193 2078 280 2154 diam,
294 2079 345 2158 qui
358 2079 528 2138 10111εεί1111
540 2078 613 2138 viris
627 2078 756 2139 subitum
767 2078 869 2156 patriae
880 2076 1056 2137 desiderium
1067 2079 1210 2141 111110111-
1232 2148 1236 2155 ,

193 2180 267 2246 sent,
280 2175 369 2251 pauld
390 2181 457 2252 post
478 2174 509 2232 in
530 2172 661 2233 eamdem
683 2190 748 2246 eum
770 2174 878 2251 majore
900 2172 986 2232 laude
1008 2173 1145 2252 famaque
1167 2194 1211 2236 re·
1248 2239 1251 2248 ‚

193 2268 307 2330 ditaris.
370 2267 445 2328 Pium
466 2270 535 2327 verd
556 2288 608 2346 pro
623 2287 654 2327 se
681 2268 804 2348 quisque
831 2287 946 2344 operam
962 2287 1043 2326 suam
1060 2269 1208 2344 ¹⁰offerre,
1265 2275 1269 2284 ’

193 2364 362 2423 diffieillima
382 2384 503 2444 quaeque
527 2384 655 2441 poscere,
680 2364 810 2442 polliceri
830 2362 956 2422 militum
984 2381 1098 2442 quoque
1127 2363 1209 2424 obse·

148 2453 155 2466 ’
180 2460 302 2538 quium,
330 2459 355 2517 si
381 2459 492 2518 animos
513 2479 613 2518 eorum
633 2459 692 2518 1011
720 2468 750 2517 et
777 2463 847 2536 aptat
874 2458 1004 2516 oratione
1025 2459 1208 2536 permulcere

193 2553 372 2614 ”voluisset
434 2554 593 2634 Nunqntrn
613 2554 752 2612 infractos
767 2561 798 2612 et
818 2554 946 2631 abjectos
960 2555 1125 2628 recessisse,
1140 2573 1207 2633 qno
1269 2553 1275 2575 *

192 2651 253 2709 ties
262 2649 354 2728 ipsius
367 2649 548 2708 alacritatem
561 2658 592 2708 et
606 2651 681 2708 tanti
696 2649 785 2708 animi
797 2649 916 2727 spiritns
932 2648 952 2677 ¹²
966 2648 1084 2706 haurire
1099 2650 1206 2726 potuis-

191 2753 265 2805 sent,
308 2745 357 2805 Ita
372 2765 402 2804 se
416 2746 561 2804 iacturum
575 2763 639 2804 esse
661 2744 829 2822 respoudit;
851 2743 896 2802 illi
920 2743 1009 2819 modd
1020 2743 1100 2820 vulgi
1122 2763 1206 2802 aures

189 2849 387 2919 praepararent
400 2841 465 2901 sibi.
501 2841 637 2919 Satisque
653 2840 796 2914 omnibus,
811 2858 876 2918 quae
891 2838 1206 2899 η11101111110111111

146 2921 154 2987 ἶ
171 2948 180 2995 .“
191 2959 263 3012 esse,
277 2939 453 3016 compositis,
467 2938 564 2998 vocari
586 2937 625 2995 ad
644 2936 809 2995 concionem
827 2935 987 2994 exercitum
1006 2934 1106 3011 jussit,
1122 2934 1205 3014 ,apud

190 3053 277 3113 quem
292 3033 379 3091 talem
395 3033 551 3092 orationem
566 3032 675 3090 habuit.

253 3125 317 3186 III.
339 3131 366 3187 6.
394 3127 657 3205 “Magnitudinem
685 3146 781 3185 rerum
809 3144 880 3204 quas
907 3123 1058 3201 gessimus,
1086 3125 1204 3198 milites,
1268 3132 1278 3217 ‘q

191 3221 373 3281 intuentibus
386 3222 479 3295 vohis,
498 3223 618 3280 minimd
641 3222 748 3280 mirum
768 3229 822 3294 est,
837 3227 867 3278 et
891 3219 1067 3278 desiderium
1087 3219 1204 3297 qnietis,
1277 3261 1278 3314 ,

125 3317 129 3326 “
192 3325 223 3378 et
236 3317 402 3376 satietatem
423 3317 523 3396 gloriae
536 3337 694 3376 occurrere.
737 3317 781 3376 Ut
795 3316 928 3375 omittam
948 3314 1077 3392 Illyrios,
1094 3315 1205 3374 Tribal-
1274 3320 1279 3374 l

133 3406 421 3490 ’57101Βο10110111
447 3412 610 3488 Thraciam,
632 3412 777 3489 Spartam,
800 3411 936 3486 Achaeos,
959 3408 1205 3486 Peloponnesum,
1273 3392 1278 3512 l

191 3529 313 3590 qnorum
324 3507 383 3566 alia
396 3507 506 3565 ¹duatu
518 3526 592 3580 mee,
607 3505 665 3564 alia
687 3506 808 3584 imperio
829 3504 1014 3582 auspicioque
1036 3503 1204 3581 perdomui,
1271 3533 1277 3653 p

192 3625 257 3664 ecce
271 3603 330 3663 orsi
342 3603 452 3664 bellum
471 3601 509 3660 ad
531 3600 767 3678 Hellespontum,
782 3600 880 3674 Ionas,
902 3597 1059 3674 AEolidem,
1083 3599 1206 3660 servitio

192 3699 344 3760 Barbariae
367 3698 537 3776 impotentis
561 3697 728 3754 exemimus.
785 3694 909 3767 Cariam,
936 3692 1069 3770 Lydiam,
1096 3691 1204 3770 Cappa·
1268 3691 1272 3700 ’

118 3869 125 3889 Ι
146 3882 151 3888 .
193 3795 314 3870 dociam,
326 3794 494 3872 Phrygium,
505 3790 743 3869 Paphlagoniam,
765 3787 978 3867 Pamphyliam,
994 3786 1122 3862 Pisidas,
1139 3787 1207 3847 cili-

101 3909 110 3930 .·
179 3883 279 3965 seiam,
298 3889 422 3968 Syriam,
436 3887 604 3960 Phoenicen,
619 3885 798 3959 Armeniam,
823 3881 983 3956 Persidem,
1008 3881 1123 3958 Medos,
1136 3882 1207 3968 Par·
