2592 4400
183 372 239 431 198
346 344 350 349 .
528 382 673 431 onerer
696 380 838 423 curru

180 528 270 589 nltins
284 522 372 585 terite
385 523 537 602 festigium
549 522 720 581 'exoednnt
764 522 857 581 Pleno
870 530 939 583 sunt
952 530 1067 597 ooetere,
1082 522 1198 583 multis·

179 644 236 705 que
259 623 377 701 inclytis
404 622 537 681 omnibus
558 620 710 681 ‘Oeneuso
737 628 834 681 monte
862 622 944 696 ortis,
967 620 1116 699 pluoidum
1144 640 1200 699 per

180 738 296 797 onmpos
322 719 380 776 iter
412 716 552 795 proebent
608 714 702 775 Indus
729 716 855 795 gelidior
882 722 936 793 est,
965 718 1056 795 qudm
1086 715 1197 774 oaetori.

182 816 285 893 Aquas
311 812 394 875 veluit
420 832 438 871 ιι
463 811 560 871 oolore
595 812 683 870 moris
719 811 798 870 houd
833 810 958 871 multum
996 811 1199 871 abhorrentes„

181 910 298 989 Ganges
322 910 415 969 omnis
437 907 473 969 eb
491 914 558 967 ortu
572 907 706 981 eximius,
722 906 759 965 ed
780 906 969 965 meridianam
983 906 1132 985 regionem
1148 906 1200 963 de-

181 1006 282 1080 onrrit,
310 1012 341 1065 et
368 1022 538 1084 magnorum
564 1002 707 1061 montium
731 1004 803 1081 juge
830 1008 909 1061 reeto
937 1001 1020 1061 alveo
1048 1002 1199 1079 'stringit
1248 1022 1255 1031 ·

183 1102 258 1162 Inde
272 1121 339 1160 eum
352 1100 474 1177 objectio
486 1116 574 1175 rupes
587 1096 729 1155 inclinent
743 1097 779 1156 ed
797 1096 960 1159 Orientem.
993 1096 1093 1175 thue
1108 1097 1201 1155 rubro

182 1196 256 1256 muri
270 1194 416 1272 accipitur,
430 1193 561 1251 'findens
575 1191 662 1269 ripas,
677 1191 785 1250 multos
800 1192 918 1253 arbores
932 1210 997 1251 oum
1018 1194 1126 1269 mognd
1141 1190 1201 1249 soli

182 1299 266 1370 parte
279 1288 423 1349 exsorbet.
466 1288 551 1347 Sexis
564 1306 678 1365 quoque
690 1285 847 1363 impeditus
865 1286 967 1346 orobrd
981 1286 1199 1347 reverberatur.

183 1386 245 1447 Ubi
282 1384 398 1443 mollius
435 1383 528 1441 solum
565 1382 682 1459 reperit,
711 1388 836 1459 stagnat,
862 1382 1027 1461 insulasque
1065 1382 1200 1439 molitur.

184 1480 325 1540 Acesines
340 1478 447 1537 Indum
462 1484 566 1557 unget:
588 1477 776 1535 decursurum
791 1478 821 1535 iu
840 1496 919 1537 moro
933 1478 1100 1555 intercipit:
1123 1498 1202 1555 meg·

183 1595 277 1653 noque
301 1581 382 1633 motu
406 1573 498 1631 omnis
521 1579 644 1651 uterque
668 1572 825 1632 colliditur.
869 1570 983 1649 Quippe
1007 1591 1147 1648 asperum
1167 1590 1202 1629 os

184 1670 319 1730 influenti
342 1667 461 1745 objioit;
483 1686 536 1725 neo
555 1686 733 1744 reperenssae
757 1686 840 1745 eques
863 1666 978 1725 oedunt.
1026 1666 1202 1743 Dyerdenes

184 1766 282 1827 minim
313 1764 427 1824 celeber
454 1762 556 1823 ruditu
583 1768 637 1836 est,
665 1762 734 1842 quie
759 1782 813 1839 per
839 1762 945 1821 ultime
972 1761 1068 1821 Indiae
1096 1764 1200 1821 ourrit.

187 1861 337 1923 Oaeterdm
349 1879 406 1918 non
420 1857 580 1918 orooodilos
593 1856 688 1931 modo,
702 1857 747 1915 uti
763 1856 791 1915 N
794 1856 861 1932 ilus,
873 1857 923 1915 sed
938 1857 1026 1915 etiem
1036 1857 1202 1935 delphines,

185 1958 357 2039 ignotusque
381 1954 446 2014 eliis
466 1953 602 2035 gentibus
625 1952 739 2012 belluas
761 1952 822 2011 elit.
874 1952 1065 2011 Erimonthus
1091 1953 1203 2014 erebris

185 2052 309 2112 flexibus
323 2050 447 2111 subinde
463 2055 600 2108 ourrotus
614 2047 651 2105 eb
666 2045 771 2105 recolis
785 2047 948 2125 rigantibus
962 2048 1099 2124 carpitur.
1156 2048 1203 2106 Ea
1271 2072 1272 2083 ι

186 2167 274 2208 eausa
286 2154 340 2221 est,
355 2166 406 2205 our
420 2152 522 2204 tenues
537 2142 674 2222 reliquias
693 2144 754 2220 jam
769 2142 831 2202 sine
847 2142 961 2202 nomine
982 2142 1013 2202 in
1026 2162 1106 2202 mere
1121 2144 1203 2203 emit-
1271 2128 1272 2133 ἵ

186 2249 239 2302 tnt.
281 2243 388 2301 Multis
407 2249 515 2318 praeter
536 2240 589 2298 hos
603 2239 734 2298 amnibus
748 2245 810 2298 tota
823 2239 902 2318 regio
917 2238 1068 2314 dividitur,
1083 2240 1137 2299 sed
1161 2241 1203 2318 ig-

185 2336 340 2411 nobilibus,
355 2335 442 2415 'quio
455 2355 513 2393 non
527 2335 599 2393 edod
615 2335 793 2393 interfluunt.

246 2435 293 2490 29.
316 2429 460 2490 (luterum
486 2449 552 2508 quae
575 2430 711 2506 propiora
744 2435 811 2487 sunt
834 2429 916 2505 meri,
939 2429 1101 2508 Aquilones
1123 2451 1202 2490 mnx-

186 2527 246 2587 ime
267 2526 399 2584 demunt.
442 2524 482 2600 Ii,
506 2524 641 2606 eolribiti⁴
651 2525 731 2604 jugis
750 2526 900 2598 montium,
922 2525 959 2584 ed
980 2526 1122 2584 interiore
1143 2545 1202 2585 non

186 2627 348 2702 penetrant,
363 2620 407 2679 ita
419 2619 531 2678 alendis
544 2620 677 2698 frugibus
692 2620 782 2679 mitis.
825 2620 884 2680 Sed
897 2620 969 2679 oded
991 2620 1091 2678 inille
1113 2622 1202 2702 plugd

187 2718 312 2778 mundns
336 2724 428 2775 states
450 2722 609 2793 temporum
632 2715 710 2774 vioes
732 2723 834 2791 mutet,
854 2722 889 2774 ut
911 2717 980 2774 edm
1003 2715 1062 2774 elin
1084 2717 1202 2777 fervore

188 2815 259 2874 eolis
280 2820 451 2886 exaestuent,
477 2809 592 2870 Indiam
613 2810 696 2868 nives
720 2810 862 2869 obruunt:
890 2811 1050 2891 rursusque
1070 2812 1124 2872 ubi
1149 2833 1200 2873 οω-

114 2986 116 2990 Ι
189 2917 253 2969 torn
278 2910 383 2990 rigent,
411 2907 473 2966 illio
499 2904 698 2965 intolerandus
725 2912 815 2964 aestus
844 2905 975 2965 existat:
1007 2926 1059 2965 neo
1083 2909 1202 2985 aperuit

189 3023 220 3064 se
248 3013 361 3064 naturae
394 3021 488 3061 eausa.
552 3001 636 3060 Mare
663 3001 753 3075 eertd‚
789 3019 845 3079 quo
880 3000 1009 3075 alluitur,
1040 3021 1076 3060 ne
1105 3003 1202 3063 eoloro

189 3097 307 3179 quidem
329 3097 466 3158 abhorret
488 3117 506 3156 a
525 3097 646 3156 caeteris.
689 3095 739 3156 Ab
755 3095 886 3174 Erythri
901 3095 983 3174 Rege
1006 3097 1133 3156 inditum
1159 3101 1203 3158 est

150 3180 153 3186 ’
189 3212 301 3266 nomen,
321 3201 440 3270 propter
463 3192 542 3270 quod
565 3191 661 3270 ignari
684 3190 788 3250 rubere
812 3211 901 3270 equas
923 3191 1055 3250 eredunt.
1111 3193 1203 3252 Perre

190 3289 245 3348 lini
258 3289 353 3347 ferox:
376 3286 443 3344 inde
458 3286 604 3365 plerisque
619 3292 688 3346 sunt
702 3293 805 3345 vestes.
834 3285 939 3345 'Libri
953 3286 1088 3345 arborum
1100 3289 1203 3362 teneri,

190 3383 268 3443 haud
282 3383 367 3442 seods
380 3381 468 3460 quum
482 3380 599 3455 ohortae‚
613 3381 779 3439 litterarum
802 3385 885 3439 notas
899 3380 1025 3458 eupiunt
1068 3382 1152 3442 Aves
1166 3383 1203 3442 ed

190 3478 363 3541 imitandum
376 3478 509 3536 humanos
523 3476 603 3536 vocis
617 3496 720 3534 sonum
731 3476 841 3535 dociles
856 3483 943 3536 sunt:
965 3477 1102 3536 animalia
1116 3478 1205 3538 inusi-

191 3584 253 3635 tata
266 3575 378 3635 oaeteris
391 3572 537 3653 gentibus,
551 3571 609 3628 nisi
623 3572 743 3630 invento.
787 3571 898 3631 Eadem
912 3579 990 3635 terre
1004 3573 1203 3634 rhinocerotas

191 3673 253 3742 elit,
273 3672 350 3729 'non
363 3674 491 3749 generet.
534 3665 763 3743 Elephantorum
784 3670 876 3744 major
897 3675 941 3726 est
955 3667 1007 3742 vis,
1022 3688 1110 3747 quam
1131 3690 1203 3749 quos

191 3767 221 3824 in
235 3767 339 3825 Atrius
354 3765 511 3838 domitant3
535 3769 565 3820 et
574 3761 686 3820 viribus
695 3761 864 3838 magnitudo
877 3762 1039 3839 respondet.
1083 3764 1200 3823 Aurum

191 3860 440 3935 imminuebant,
453 3878 519 3938 quae
542 3857 600 3917 leni
623 3855 791 3935 modicoque
812 3856 896 3934 lapsu
920 3877 1021 3936 segnes
1040 3878 1133 3937 equas
1154 3861 1203 3920 du·
