2592 4400
189 382 229 438 22
538 395 677 446 oursrr
707 395 845 437 cosrrr

188 535 266 611 bant,
277 535 327 594 alii
337 536 448 595 frustra
456 535 704 615 exsequebantur:
718 536 787 615 quia
796 537 847 598 ubi
857 545 955 616 partes
965 537 1073 613 labant,
1085 557 1200 598 summa

188 632 330 690 turbatur.
670 683 675 694 .

248 727 305 787 IX.
324 733 373 812 Ι22.
396 728 484 788 Aoies
498 737 592 788 autem
603 728 657 804 hoo
668 729 753 787 modo
769 730 879 788 'stetit
922 728 1107 789 Nabarzanes
1118 731 1199 809 equi·

187 829 252 882 tatu
273 824 407 882 dextrum
428 844 516 883 cornu
541 825 684 900 tuebatur,
698 825 807 882 additis
831 825 1012 883 funditorum
1036 826 1198 901 sagittario

117 923 308 998 seruamque
330 920 434 996 viginti
457 921 547 979 fermd
571 920 710 979 millibus,
752 919 791 979 In
812 920 912 979 eodem
937 920 1101 996 Thymodes
1124 929 1198 995 erat,

188 1013 299 1074 Graecis
312 1015 461 1092 peditibus
475 1016 604 1076 meroede
617 1016 769 1074 oonduotis
783 1016 906 1095 triginta
918 1015 1047 1075 millibus
1060 1003 1198 1093 praepoai·

187 1116 241 1167 tua.
287 1111 352 1168 Hoo
366 1117 429 1168 erat
444 1111 521 1168 haud
536 1110 656 1170 dubium
674 1111 763 1170 robur
777 1109 935 1186 exercitiis,
949 1130 1000 1187 par
1014 1109 1199 1170 Macedoniae

185 1205 322 1283 phalan‘gi
336 1207 419 1264 aoies.
463 1205 499 1264 In
513 1205 586 1266 laevo
601 1225 690 1266 oornu
704 1205 1078 1290 AristomedeaflTheasalus
1088 1205 1199 1284 viginti

185 1300 279 1358 millia
301 1301 498 1360 Barbarorum
520 1302 651 1379 pediturn
674 1301 807 1360 habebat.
849 1301 887 1360 In
908 1301 1067 1361 ¹subsidiis
1088 1321 1199 1379 pugna-

115 1394 316 1456 ffloiesimas
330 1397 476 1454 locaverat
488 1397 606 1475 gentes(
642 1396 745 1474 Ipsum
766 1397 879 1475 Regem
891 1396 922 1455 in
936 1397 1036 1454 eodem
1049 1416 1139 1457 oornu
1152 1396 1197 1454 di·

185 1490 367 1566 micaturum,
386 1493 442 1550 tria
462 1492 554 1576 millia
567 1491 745 1550 delectorum
765 1492 895 1570 equitum
910 1492 1044 1554 {assueta
1063 1491 1197 1568 eorporis

184 1586 333 1660 custodiae,
349 1594 378 1644 et
392 1587 535 1664 pedestris
549 1587 636 1661 aeies,
647 1587 841 1665 qnadraginta
853 1587 972 1660 ‘millia
988 1587 1193 1666 sequebantur.

186 1681 317 1764 Hyrcani
331 1682 435 1742 deinde
450 1683 587 1761 Medique
599 1683 725 1761 equites:
746 1682 793 1741 his
806 1682 931 1760 proximi
943 1689 1111 1742 caeterarum
1123 1701 1195 1760 gen·

184 1777 257 1834 tium
277 1777 388 1850 equites
409 1778 531 1836 dextera
553 1778 685 1856 larvaque
706 1777 847 1854 dispositi
895 1777 961 1835 Hoo
984 1797 1095 1854 agmon,
1117 1778 1195 1834 siout

127 1853 294 1948 ailsdiotum
307 1885 362 1949 est,
377 1875 560 1946 instructum,
576 1893 627 1932 sex
640 1873 734 1932 millia
749 1871 941 1948 jaonlatornm
954 1872 1194 1951 funditorumque

183 1972 399 2030 antecedebant.
443 1968 614 2048 ‘Quidquid
628 1969 658 2026 in
673 1969 732 2027 illis
747 1968 889 2045 angustiis
909 1968 984 2026 adiri
1003 1976 1126 2045 poterat,
1141 1969 1194 2026 im-

184 2068 333 2145 pleverant
344 2067 442 2142 oopiae,
457 2067 638 2143 ‘cornuaque
653 2065 719 2122 hino
733 2066 840 2142 ajugo,
852 2063 933 2122 illine
947 2065 1050 2122 amari
1064 2064 1190 2124 stabant.

183 2162 312 2223 Uxorem
333 2169 510 2239 matremque
533 2159 634 2238 Regis,
656 2166 687 2218 et
707 2159 798 2219 alium
817 2158 999 2219 faeminarum
1018 2179 1144 2239 gregem,
1158 2159 1190 2219 in

183 2257 311 2315 medium
325 2274 426 2333 agmen
440 2262 617 2332 aooeperant.

110 2362 165 2433 ,φ
241 2356 286 2410 23.
310 2349 476 2409 Alexander
488 2349 738 2429 phalangemque
751 2348 826 2407 nihil
839 2349 917 2426 apud
932 2350 1105 2409 Macedonas
1119 2351 1188 2409 vaii-
1279 2339 1281 2440 i

182 2448 248 2505 diue
264 2454 335 2519 erat,
351 2446 380 2503 in
394 2445 666 2505 fronteoonstituit.
708 2444 852 2503 Dextrum
866 2464 956 2503 oornu
977 2446 1105 2504 Nioanor
1120 2447 1188 2505 Par·

181 2542 322 2601 menionie
336 2541 413 2599 filius
428 2540 580 2599 tuebatur:
602 2540 669 2597 huio
683 2540 808 2616 proximi
822 2540 940 2599 stabant
954 2538 1066 2615 (ioenos,
1079 2549 1110 2599 et
1120 2542 1187 2600 Per·
1279 2553 1280 2612 i

148 2622 150 2629 ,
181 2638 287 2711 dioeaa,
302 2636 510 2713 etMeleager,
525 2642 555 2692 et
576 2634 762 2708 Ptolemaeus,
777 2641 807 2692 et
828 2634 982 2710 Amyntae,
1002 2636 1047 2692 sui
1066 2637 1188 2714 quisque
1279 2633 1280 2700 ζ

181 2732 305 2811 agminis
320 2732 416 2791 duoes.
460 2730 497 2789 In
511 2730 592 2806 laevo,
606 2730 684 2808 quod
705 2730 742 2788 ad
762 2749 840 2788 mare
859 2729 1033 2806 pertinebat,
1050 2730 1188 2790 Craterus

117 2820 210 2895 Wet
231 2828 386 2887 Parmenio
407 2834 499 2899 erant,
520 2826 571 2883 sed
593 2824 731 2884 Craterus
754 2824 939 2883 Parmenioni
960 2844 1061 2901 parere
1078 2829 1187 2903 jussus.
1279 2841 1281 2886 i

121 2956 124 2961 ·
181 2924 305 3001 Equites
320 2924 356 2983 ab
369 2930 493 3001 utroque
508 2941 595 2980 oornu
610 2920 855 2995 looati‚·dextrum
870 2920 1053 2993 Maoedones,
1067 2903 1187 2979 Thessa·

179 3018 216 3077 lis
241 3018 396 3094 adjunotis,
416 3018 522 3076 laevum
549 3016 781 3093 Peloponnenaea
806 3015 971 3074 tuebantur.
1012 3011 1093 3074 Ante
1113 3015 1189 3075 hano
1279 3027 1281 3068 i

178 3114 268 3171 aoiem
282 3119 418 3188 posuerat
431 3110 611 3169 funditorum
625 3130 741 3167 manum
756 3109 913 3185 sagittariis
927 3108 1085 3187 admixtis3
1098 3110 1188 3169 Thra·

1211 2877 1226 2915 b

179 3227 226 3266 oea
242 3226 355 3285 quoque
370 3213 400 3263 et
416 3204 570 3264 Cretenses
590 3212 658 3262 ante
679 3224 781 3281 agmen
802 3203 890 3276 ibant,
905 3211 935 3263 et
948 3202 1005 3279 ipsi
1026 3203 1130 3262 leviter
1143 3226 1187 3264 ar-

109 3298 168 3365 ΠΟ
178 3302 258 3361 mati.
302 3301 344 3359 At
358 3301 403 3373 iis,
414 3300 464 3378 qui
473 3298 616 3377 praemissi
626 3319 643 3357 a
655 3298 745 3357 Dario
755 3300 860 3377 jugum
873 3298 981 3357 montis
991 3300 1000 3327 ²
1009 3298 1186 3382 insederant,

180 3396 345 3474 'Agrianos
367 3394 508 3472 opposuit,
524 3413 560 3452 ex
575 3393 689 3453 (arecia
709 3412 801 3469 nuper
815 3392 958 3452 adveotos.
1000 3385 1187 3453 Parmenioni

109 3524 112 3528 ,
178 3501 274 3551 autem
288 3496 474 3567 praeceperat,
489 3496 530 3562 ut,
545 3489 687 3566 qnantdm
705 3495 812 3564 posset,
827 3507 929 3567 agmen
943 3486 979 3545 ad
994 3506 1072 3545 mare
1086 3497 1186 3547 exten·

178 3588 268 3659 deret,
283 3586 339 3665 qud
355 3584 470 3660 longids
491 3584 606 3643 abesset
625 3582 782 3655 montibus,
796 3602 869 3660 quos
889 3591 1100 3662 occupaverant
1114 3584 1186 3642 Bar-

177 3680 247 3737 bari.
291 3680 334 3738 Aa
352 3679 406 3751 illi,
422 3698 513 3761 neque
535 3678 650 3737 obstare
664 3677 854 3750 venientibus,
869 3697 921 3735 neo
941 3677 1093 3735 oiroumire
1113 3698 1185 3754 prae

56 3802 59 3808 ·
104 3763 337 3849 distergressos
359 3773 430 3846 ausi,
452 3771 631 3830 funditorum
651 3771 775 3829 maxime
797 3779 917 3848 aspeetu
932 3772 1033 3839 ,territi
1052 3773 1184 3849 profuge·

175 3877 257 3926 rant:
280 3872 388 3945 ”eaque
409 3885 455 3924 ree
477 3864 646 3924 Alexandro
668 3871 765 3921 tutum
789 3864 911 3942 agminia
935 3865 1023 3938 latus,
1044 3866 1123 3943 quod
1147 3886 1184 3925 ne
