2592 4400
426 352 549 394 urana
575 354 607 394 v.
636 353 724 395 osr.
754 356 827 396 v11.
1091 343 1128 401 97

102 490 292 570 Exemplum
306 491 399 569 Regis
409 493 510 579 caeteri
523 492 631 552 imitati
645 499 723 552 sunt.
776 492 906 555 Tandem
920 496 1130 575 propemodum
1162 520 1164 523 ·

101 586 208 646 invias
223 585 321 664 sylvas
344 587 462 657 emensi,
485 588 603 646 humani
626 587 726 646 cultris
745 608 812 648 rara
825 591 958 669 vestigia,
971 599 1001 651 et
1022 594 1130 669 passim
1173 617 1177 623 ·

20 665 84 729 Μ
101 688 248 763 errantes
274 700 408 759 pecorum
433 701 537 760 greges
563 685 716 759 reperere:
746 691 777 741 et
803 684 914 761 incolae,
943 686 994 764 qui
1022 688 1130 764 sparsis

101 775 239 853 tuguriis
257 775 436 845 habitabant,
451 778 520 835 oiim
543 796 574 835 se
593 776 718 837 callibus
732 778 818 837 inviis
840 788 938 856 septos
959 800 1022 839 esse
1043 782 1129 841 oredi-

103 872 231 945 dissent,
256 878 291 930 ut
312 875 492 962 conspexere
515 872 643 957 bostium
667 892 776 950 agmen,
799 873 990 933 1⁴interfectis
1012 876 1063 955 qui
1086 877 1130 937 iu·
1194 890 1205 907 *

102 967 227 1045 gientes
254 966 387 1025 comitari
419 986 477 1024 non
504 973 646 1042 poterant,
676 966 776 1026 devios
809 976 932 1047 montes,
961 976 991 1028 et
1018 971 1129 1031 obsitos

106 1062 233 1121 nivibus
246 1061 421 1138 petiverunt.
464 1059 540 1120 Indd
560 1081 613 1137 per
633 1060 778 1140 colloquia
792 1063 973 1141 captivorum
987 1066 1129 1142 paulatim

25 1134 228 1217 Camenae
248 1156 394 1234 mitigata,
408 1156 557 1216 eneruem
577 1175 608 1215 se
628 1155 715 1235 aega
758 1158 821 1219 Nee
835 1158 865 1217 a
880 1159 995 1219 redies
1008 1161 1128 1239 graveas

103 1252 285 1311 consultum
341 1251 476 1312 Vastatis
497 1251 603 1310 deinde
625 1252 704 1329 agris
727 1252 871 1328 Persidis,
896 1254 1025 1333 visisque
1052 1276 1128 1315 com·

103 1347 245 1427 pluribus
269 1347 394 1406 redactis
418 1347 449 1405 in
469 1354 652 1424 potestatem,
676 1355 795 1405 ventum
823 1356 868 1407 est
895 1349 925 1407 in
953 1350 1128 1411 Mardorum

104 1450 228 1521 gentem
252 1442 509 1515 bellicosissimam,
534 1449 566 1499 et
589 1442 712 1500 multum
739 1462 756 1501 a
783 1444 898 1503 caeteris
920 1444 1020 1505 Persis
1043 1446 1127 1507 cultu

104 1538 182 1599 vitae
203 1537 432 1596 abhorrentem¹
454 1535 565 1613 Specus
586 1537 617 1593 in
639 1538 789 1597 montibus
810 1538 934 1613 fodiunt,
949 1539 979 1599 in
999 1560 1071 1619 qnos
1086 1560 1127 1601 se-

42 1626 177 1713 troque,
191 1651 225 1690 ac
247 1634 393 1710 conjuges,
408 1639 439 1689 et
460 1631 567 1691 liberos
584 1632 720 1693 condunt.
764 1632 906 1693 Peoorum
929 1642 981 1693 aut
1000 1636 1126 1695 ferarum

107 1748 197 1787 carne
218 1735 383 1790 vescuntur,
427 1726 503 1785 l‘Ne
526 1727 652 1786 foeminis
672 1728 789 1806 quidem
811 1748 863 1806 pro
891 1736 1002 1789 naturae
1025 1730 1126 1791 babitu

20 1850 32 1932 q
109 1822 248 1883 molliora
261 1822 378 1901 ingenia
391 1830 468 1881 sunt
513 1821 612 1882 Comae
634 1823 798 1899 prominent
820 1824 914 1898 hirtae,
928 1824 1020 1884 vestis
1041 1844 1127 1903 super

110 1938 210 1997 genua
237 1924 291 1977 est
334 1917 440 1977 Funde
462 1918 597 1977 vinciunt
619 1919 760 1977 frontem:
792 1918 846 1978 hoo
869 1927 900 1977 et
927 1926 1126 1979 ornamentum

109 2012 227 2091 capitis,
241 2020 272 2071 et
286 2012 377 2071 telum
390 2021 443 2071 est.
486 2012 545 2072 Sed
565 2012 638 2071 bano
652 2032 767 2091 quoque
781 2019 896 2092 gentem
911 2013 988 2073 idem
1001 2014 1126 2075 fortunae

50 2088 238 2185 slsimpetu's
261 2107 380 2167 domuit.
423 2107 529 2187 Itaque
551 2108 701 2187 trigesimo
724 2109 781 2184 die,
803 2116 956 2189 postquam
981 2128 998 2169 a
1019 2108 1122 2169 Perse·

109 2192 172 2281 poli
186 2204 415 2281 profectuserat,
432 2203 535 2262 eddcm
548 2205 645 2263 rediit.
688 2204 773 2264 Dona
793 2205 898 2264 deinde
913 2205 1013 2264 amicis
1028 2213 1124 2266 caeter·
1195 2235 1197 2240 ·

109 2301 195 2378 isque
207 2319 260 2376 pro
274 2301 414 2378 cujusque
428 2299 531 2357 merito
542 2299 632 2358 dedit.
676 2300 889 2377 Propemodum
902 2301 1006 2375 omnia,
1021 2301 1125 2380 quasin

109 2399 147 2454 eb
160 2395 233 2453 urbe
247 2401 370 2472 ceperat,
384 2394 548 2454 distributa

172 2489 247 2549 VII.
270 2495 316 2548 22.
340 2488 489 2550 Oaeterdm
510 2490 641 2568 ingentia
668 2490 756 2548 animi
778 2490 862 2565 bona,
885 2490 967 2550 illam
988 2489 1123 2567 indolem,

57 2568 170 2665 (2)an
184 2604 283 2644 omnes
297 2585 395 2662 Reges
408 2585 574 2659 antecessit,
588 2585 669 2643 illam
683 2585 715 2643 in
728 2577 886 2645 subeundis
906 2584 1044 2662 periculis
1059 2605 1124 2646 con·

108 2674 258 2758 stantiam,
283 2679 314 2737 in
337 2680 425 2740 rebus
451 2680 624 2738 ¹moliendis
645 2680 858 2758 efficiendisque
876 2679 1071 2754 velocitatem,
1092 2680 1123 2740 in

108 2776 227 2834 deditos
248 2774 343 2848 fidem,
366 2775 397 2832 in
422 2775 552 2851 captivos
574 2775 766 2848 clementiam,
788 2775 819 2832 in
838 2773 1040 2851 voluptatibus
1061 2793 1122 2852 por·
1172 2809 1174 2812 ·

107 2871 208 2954 missis
221 2886 334 2949 quoque
359 2879 390 2927 et
412 2869 530 2928 usitatis
553 2871 783 2947 temperantiam,
804 2869 883 2928 haud
905 2868 1049 2928 tolerabili
1063 2869 1123 2928 vini

107 2967 270 3045 cupiditate
291 2965 420 3025 foedavit
462 2965 581 3024 ¹Hoste
603 2974 633 3023 et
655 2965 760 3024 aemulo
781 2965 863 3042 regni
887 2972 1038 3043 reparante
1060 2974 1122 3024 tum

37 3035 177 3130 (¹2scum
199 3062 324 3120 maxime
346 3060 472 3136 bellum;
498 3081 591 3138 nuper
612 3060 751 3134 subactis,
772 3079 844 3139 quos
864 3060 984 3134 vicerat,
1006 3081 1122 3121 novum·

106 3177 166 3236 que
180 3157 335 3234 imperium
349 3156 588 3233 aspernantibus3
610 3156 667 3214 'de
689 3156 736 3214 die
757 3155 849 3216 inibat
864 3157 1003 3232 convivia,
1017 3158 1123 3237 quibus
1186 3213 1188 3220 .

106 3253 232 3312 ioeminae
246 3251 412 3325 intererant,
422 3270 479 3310 non
486 3251 604 3330 quidem
618 3270 690 3330 quas
700 3249 803 3310 violari
813 3252 894 3310 nefas
906 3261 1000 3312 esset:
1014 3253 1122 3331 quippe
1140 3270 1145 3280 ·

106 3348 255 3426 ‘pellicea
269 3346 406 3405 licentius
428 3348 516 3425 qudm
531 3346 652 3406 deccbat
672 3365 737 3404 cum
752 3354 861 3406 armato
875 3347 973 3407 vivere
987 3354 1119 3406 assuetas

108 3443 157 3503 nx
171 3443 217 3501 bis
230 3461 291 3501 una
303 3442 312 3469 ⁵
323 3441 421 3515 Thais,
436 3448 467 3500 et
488 3443 552 3518 ipsa
570 3427 739 3515 temulenta,
755 3442 910 3500 maximam
932 3441 1008 3518 apud
1023 3458 1121 3498 omnes

48 3520 227 3599 ‘Perseos
251 3536 393 3595 initurum
415 3537 537 3614 gratiam
559 3537 690 3611 affirmat,
706 3536 731 3595 si
753 3537 862 3616 regiain
885 3536 1042 3594 Persarum
1060 3537 1121 3610 jus·
1170 3599 1173 3609 Ι

106 3635 194 3692 sisset
217 3632 348 3692 incendi:
371 3639 538 3710 exspectare
565 3632 620 3690 boc
644 3651 705 3706 eos,
734 3651 857 3710 quorum
881 3631 968 3690 urbes
996 3627 1122 3689 Barbari

61 3775 67 3784 .
106 3730 257 3789 delessent.
323 3727 416 3787 Ebrio
443 3735 539 3786 scorto
564 3726 601 3785 de
636 3731 720 3784 tanta
748 3725 910 3786 referenti
938 3725 1120 3800 sententiam,
1213 3748 1214 3751 ¹

105 3845 180 3884 nnus
193 3830 225 3885 et
238 3822 323 3896 alter,
338 3830 368 3882 et
381 3822 439 3900 ipsi
459 3841 537 3880 mero
551 3822 663 3880 onerati
678 3821 882 3884 assentiuntur,
926 3819 994 3880 Rex
1007 3839 1121 3899 quoqne

262 3923 283 3979 5
706 3915 712 3928 .
