2592 4400
171 365 188 420 8
507 378 655 424 eiunnr
688 377 836 418 consu

167 516 315 578 vinculum
341 515 504 591 solvisset,'’
531 517 633 596 cupido
660 516 778 596 incessit
802 515 897 575 animo
925 515 1012 575 sortis
1037 517 1099 592 ejus
1129 515 1191 572 im·

167 612 288 690 plendae.
924 651 927 655 -

229 711 255 768 3.
279 704 364 766 Oirea
383 705 492 784 Regem
511 711 573 764 erat
595 711 624 764 et
641 705 793 783 Phrygum
813 704 907 779 turba,
932 711 961 763 et
981 704 1194 778 Macedonum,

105 793 156 860 δύ
168 803 220 862 illa
238 801 436 879 expectatione
464 819 610 878 suspensa,
630 800 691 860 haee
714 799 838 859 sollicita
859 820 896 858 ex
912 799 1069 861 temeraria
1091 799 1195 877 Regis

168 895 288 954 fiducia:
304 895 436 973 Hquippe
460 894 562 954 seriem
586 895 766 954 vinculorum
790 893 833 954 ita
856 893 1032 968 adstrictam,
1054 901 1088 952 ut
1107 892 1194 951 unde
1211 945 1223 960 ,

168 1009 260 1049 nexus
273 989 421 1067 inciperet,
435 1009 527 1067 quove
541 1009 572 1048 se
593 989 737 1063 conderet,
754 1008 806 1047 nee
825 989 948 1064 ratione,
967 1008 1019 1047 nec
1036 989 1104 1049 visu
1122 1007 1193 1064 per·

169 1084 226 1160 cipi
241 1091 345 1161 posset,
361 1084 471 1144 solvere
482 1103 635 1165 aggressus
648 1084 786 1159 injecerat
800 1101 908 1159 curam,
929 1083 1008 1141 nain
1023 1103 1107 1142 omen
1121 1101 1193 1140 ver-

170 1184 281 1235 teretur
290 1177 406 1236 irritum
416 1177 580 1254 incoeptum.
614 1177 679 1240 ,Ille
693 1178 895 1256 1³nequaquam
913 1174 965 1236 diu
980 1179 1108 1236 luctatus
1118 1196 1192 1234 eum

115 1273 327 1336 metentibus
340 1272 434 1348 nodis,
450 1272 503 1330 “N
506 1272 586 1347 ihil,'⁷
601 1272 704 1350 inquit,
720 1277 737 1306 “
747 1273 868 1331 interest
875 1273 1015 1350 quomodo
1027 1271 1191 1345 solvatur,''

170 1366 324 1444 gladioque
342 1367 435 1442 ruptis
452 1367 583 1426 omnibus
605 1367 686 1441 loris,
707 1367 815 1425 oraculi
834 1374 941 1426 sortem
959 1368 1006 1426 vel
1024 1367 1122 1440 elusit,
1139 1367 1192 1425 vel
1220 1395 1232 1424 a

170 1461 307 1538 implevit.
360 1459 437 1520 Odm
460 1461 562 1519 deinde
591 1461 720 1535 Darium,
747 1460 917 1540 ubicumque
939 1470 1020 1536 esset,
1044 1481 1192 1538 occupare

170 1556 327 1630 statuisset,
341 1562 374 1614 ut
388 1577 406 1614 a
419 1563 499 1634 tergo
517 1555 609 1614 14tuta
622 1556 804 1633 relinqueret,
824 1556 1032 1632 Amphoterum
1046 1556 1134 1614 classi
1149 1557 1192 1614 ad

171 1669 250 1709 oram
264 1650 456 1727 Hellesponti,
470 1650 560 1726 copiis
574 1657 670 1708 autem
684 1649 814 1727 praefecit
828 1649 1035 1728 Hegelochum,
1047 1649 1189 1725 Lesbum,

115 1733 137 1798 6
144 1749 200 1802 oet
215 1742 329 1818 (thium,
343 1751 372 1802 et
394 1741 463 1818 Oon,
482 1744 625 1821 praesidiis
638 1744 766 1802 hostium
780 1745 799 1776 ¹⁶
807 1744 989 1803 liberaturos.
1031 1743 1090 1802 His
1104 1746 1123 1775 ¹⁶
1132 1745 1189 1802 tal·

170 1845 237 1896 enta
251 1839 288 1896 ad
301 1837 372 1914 belli
385 1857 468 1896 usum
480 1837 636 1916 quingenta
650 1838 806 1897 attributa:
828 1837 864 1895 ad
878 1837 1076 1914 Antipatrum,
1093 1845 1124 1895 ct
1138 1859 1218 1899 eost

172 1932 222 2010 qui
237 1931 352 1994 Graecas
366 1934 452 1993 urbes
466 1933 630 2008 tuebantur,
644 1941 780 1992 sexcenta
799 1933 904 1993 missa:
926 1952 963 1991 ex
976 1933 1083 1992 foedere
1096 1952 1188 1993 naves

171 2027 255 2086 sociis
281 2027 436 2108 imperatae,
464 2048 528 2106 quae
560 2028 751 2105 Hellesponto
787 2027 1005 2104 ”praesiderent
1048 2026 1187 2087 Nondum

171 2122 247 2179 enim
269 2121 451 2181 Memnonem
465 2124 527 2182 vita
551 2123 707 2181 excessisse
728 2129 907 2201 cognoverat,
928 2123 959 2179 in
982 2141 1066 2200 quem
1086 2141 1186 2183 omnes

114 2212 336 2293 dfmtenderat
360 2236 460 2295 curas,
496 2218 570 2276 satis
594 2237 710 2296 gnarus,
734 2224 837 2276 cuneta
861 2217 891 2274 in
913 2217 1046 2294 expedito
1068 2219 1138 2294 fore,
1158 2220 1186 2278 si

171 2311 245 2369 nihil
258 2312 294 2371 ab
316 2331 348 2369 eo
370 2320 539 2373 moveretur.
582 2313 706 2390 Jamque
726 2313 764 2371 ad
784 2313 884 2372 urbem
904 2312 1053 2390 Ancyram
1066 2321 1185 2373 ventum
1239 2370 1248 2385 ,

172 2413 243 2481 erat,
257 2406 307 2466 ubi
320 2426 438 2465 numero
459 2408 602 2483 copiarum
616 2406 698 2482 inito,
720 2407 945 2485 Paphlagoniam
965 2407 1062 2467 intrat.
1106 2408 1184 2467 Huic

177 2502 270 2576 juncti
292 2508 373 2591 erant
396 2502 513 2577 Heneti,
527 2503 603 2561 unde
625 2502 743 2581 quidam
757 2503 888 2561 Venetos
909 2502 1025 2561 trahere
1046 2503 1183 2581 originem

173 2592 321 2655 crederer
342 2596 433 2655 omnis
455 2596 515 2655 haec
537 2597 615 2675 regio
637 2597 734 2673 paruit
756 2596 841 2674 Regi,
869 2596 1000 2675 datisque
1026 2597 1181 2672 obsidibus,

109 2704 161 2793 70
173 2690 313 2750 tributum
325 2690 412 2770 (quod
424 2710 460 2749 ne
471 2691 570 2750 Persis
580 2691 696 2770 quidem
709 2692 856 2771 tulissent)
870 2691 995 2769 pendere
1007 2711 1043 2749 ne
1052 2712 1181 2771 cogeren-

173 2791 228 2859 tur,
244 2786 473 2863 impetraverunt.
516 2784 683 2846 Oalashuic
702 2786 812 2865 regioni
832 2787 1001 2863 praepositus
1015 2793 1067 2847 est.
1107 2787 1218 2864 Ipse„
1272 2791 1273 2872 l

173 2882 334 2957 assumptis,
347 2882 398 2960 qui
418 2902 455 2940 ex
476 2881 648 2939 Macedonit
668 2900 759 2957 nuper
779 2881 960 2956 advenerant,
976 2880 1179 2959 Oappadociam
1272 2875 1273 2942 l

172 2975 268 3052 petiit.
526 3034 532 3046 ,
1272 2975 1273 3004 ³

233 3070 277 3128 II.
301 3073 327 3127 4.
349 3070 393 3128 At
407 3070 524 3144 Darius,
544 3070 683 3128 nunciata
702 3070 866 3129 Memnonis
886 3078 988 3144 morte,
1003 3071 1082 3129 haud
1102 3078 1177 3129 seces

125 3160 262 3243 ysquam
282 3185 334 3242 par
349 3172 419 3240 erat,
435 3172 546 3239 motus,¹
556 3166 665 3225 omissa
679 3165 756 3223 omni
779 3166 837 3223 alia
851 3186 909 3242 spe,
925 3167 1049 3224 ¹statuit
1061 3168 1122 3243 ipse
1135 3168 1176 3225 de

174 3280 299 3336 cernere,
314 3260 420 3339 quippe
435 3280 500 3338 quae
514 3280 565 3337 per
580 3261 669 3318 duces
683 3279 751 3318 suos
765 3268 829 3317 acta
846 3266 936 3334 erant,
951 3268 1056 3318 cuncta
1070 3262 1175 3319 damna·
1199 3276 1226 3311 'a

173 3355 224 3415 bat
233 3375 239 3429 ;
262 3362 352 3429 ratus,
367 3355 500 3431 pluribus
514 3375 620 3429 curam,
636 3356 769 3414 omnibus
784 3355 912 3414 abfuisse
926 3356 1081 3414 fortunam.
1124 3357 1174 3435 lgi-

174 3458 221 3509 tur
236 3450 338 3509 castris
353 3451 391 3508 ad
414 3450 595 3527 Babylonem
618 3451 730 3526 positis,
745 3452 803 3527 qud
817 3452 924 3526 majore
948 3451 1042 3508 animo
1058 3472 1174 3527 capesse·
1207 3444 1215 3459 ’

174 3552 239 3603 rent
253 3546 368 3622 bellum,
382 3545 533 3603 universas
547 3544 623 3603 vires
638 3545 668 3601 in
682 3552 865 3621 conspectum
881 3544 977 3619 dedit3
1000 3552 1030 3602 et
1044 3546 1173 3604 ²circum-

91 3634 143 3707 {a
175 3640 242 3698 dato
257 3641 342 3714 vallo,
357 3640 435 3718 quod
450 3639 547 3697 decem
566 3639 692 3727 millium
712 3646 889 3696 armatorum
909 3640 1125 3708 multitudinem
1137 3661 1173 3697 ca-

175 3742 264 3810 peret,
281 3735 391 3793 Xerxis
413 3734 553 3811 exemplo,
567 3753 722 3792 numerum
742 3738 889 3810 copiarum
911 3734 986 3790 iniit.
1031 3734 1107 3794 Orto
1122 3736 1173 3793 sole
1187 3744 1223 3799 vt

175 3829 211 3886 ad
235 3836 348 3887 noctem
371 3830 493 3907 agmina,
508 3830 585 3888 siout
609 3828 755 3905 descripta
778 3836 870 3901 erant,
891 3827 1037 3886 intravere
1061 3829 1162 3887 vallum
