2592 4400
406 454 530 496 uranu
559 456 611 496 rx.
641 454 729 496 oar.
762 457 804 497 ιι.
1052 442 1111 501 219
1145 512 1148 518 Ι

94 614 159 655 esse
172 596 387 674 Aggrammem,
400 594 507 673 viginti
526 594 656 654 millibus
679 594 1014 675 equiturn,duoentisque
1033 596 1112 674 pedi·

94 698 158 749 turn
172 690 351 751 obsidentem
370 689 440 749 vias
482 690 533 748 Ad
555 690 618 749 haee
640 691 844 769 quadrigarum
867 690 925 749 duo
944 690 1036 750 millia
1055 698 1111 751 tra·

93 785 171 861 here,
186 792 217 843 et
238 786 415 863 praecipuum
437 792 576 843 terrorem
601 785 778 862 elephantos,
792 804 864 864 quos
886 786 976 844 trium
989 786 1111 845 millium

92 900 247 939 numerum
268 880 384 957 explere
405 879 527 939 dioebat
568 880 758 942 Incredibilia
780 881 841 959 regi
862 880 957 939 omnia
976 881 1111 943 videban-

92 983 151 1036 tur.
194 976 293 1054 Igitur
315 975 424 1034 Porum
447 974 525 1051 (nam
546 994 613 1033 eum
634 994 669 1034 eo
690 978 764 1055 erat)
779 982 971 1053 percontatur,
985 996 1023 1035 an
1042 998 1111 1038 vera

93 1079 200 1146 meent,
222 1077 291 1149 ‘qum
316 1070 484 1130 ditarentur.
526 1070 584 1130 Ille
610 1070 689 1131 vires
714 1070 833 1151 quidem
855 1071 951 1150 gentis
973 1080 1003 1131 et
1029 1074 1110 1152 regni

91 1166 170 1224 haud
193 1166 268 1225 laiso
288 1165 393 1242 jactari
415 1165 556 1241 affirmat;
577 1169 712 1225 euterun
725 1165 775 1245 qui
795 1174 929 1245 regnaret
947 1186 1005 1225 non
1024 1168 1110 1229 modu

91 1261 332 1339 ignobilemesse,
347 1260 398 1318 sed
411 1260 509 1319 etiam
532 1260 645 1320 ultimae
665 1261 768 1320 sortis:
789 1262 894 1340 quippe
918 1269 1028 1339 patrem
1048 1266 1110 1340 ejus

90 1364 237 1415 tonsorem
262 1356 314 1416 rix
340 1354 444 1414 diurno
469 1362 584 1433 quaestu
609 1356 825 1433 propulsantem
852 1356 965 1433 famem,
993 1367 1109 1437 propter

90 1452 224 1512 habitum
245 1450 324 1509 haud
343 1450 509 1509 indeoorum
531 1450 630 1509 ¹eordi
650 1450 741 1510 fuisse
762 1451 891 1531 Regium
933 1453 1002 1513 'Ab
1024 1458 1060 1513 et
1079 1454 1110 1513 iu

89 1546 255 1624 propiorem
275 1548 348 1623 ejus,
358 1546 409 1625 qui
431 1553 493 1603 tum
514 1548 672 1624 regnasset,
688 1546 823 1607 amieitiae
843 1547 937 1606 loeum
950 1549 1108 1625 admotum,

89 1643 245 1701 interfecto
271 1660 306 1701 eo
328 1661 380 1719 per
402 1641 533 1716 insidias,
559 1642 613 1701 sub
640 1642 735 1718 speeie
761 1642 862 1703 tutelae
884 1644 1018 1719 Iiberrim,
1046 1647 1109 1721 ejus

89 1737 234 1797 invasisse
259 1756 388 1815 regnum,
407 1736 573 1815 neoatisque
602 1736 709 1813 pneris,
729 1735 805 1795 hune
831 1737 881 1815 qui
907 1758 982 1796 nune
1006 1746 1109 1817 ‘regnat

89 1835 256 1912 genertsse,
276 1831 402 1891 inrisum
415 1832 560 1910 vilemque
580 1830 775 1909 popularibus,
790 1832 883 1911 magis
905 1839 1032 1909 paternae
1052 1834 1108 1893 for·

91 1935 173 1987 tnnae
185 1927 276 2004 quim
296 1944 358 1985 suae
377 1944 538 1985 memorem.
587 1923 750 2003 Affirmatio
764 1925 835 1985 Pori
847 1926 1036 2004 multiplieem
1050 1928 1108 1985 ani·

90 2042 140 2082 mo
170 2021 264 2100 Regis
290 2022 432 2098 injecerat
454 2040 571 2080 euram:
603 2020 717 2079 hostem
743 2020 912 2099 belluasque
946 2022 1107 2098 spernebat,

91 2117 181 2177 situm
206 2117 333 2175 loeorum
353 2123 384 2175 et
405 2115 466 2176 vim
490 2115 640 2174 fluminum
662 2115 873 2176 extimesuebat.
932 2116 1108 2198 'Relogatos

91 2214 123 2272 in
144 2213 283 2272 ultimum
305 2214 379 2290 pand
402 2233 498 2272 rerum
519 2212 711 2270 humanarum
734 2211 889 2272 terminum
916 2214 1057 2293 persequi,
1078 2221 1109 2274 et
1218 2247 1221 2252 ·

91 2329 201 2385 eruere,
216 2309 338 2368 arduum
350 2307 511 2369 videbatur.
553 2309 668 2368 Rursus
688 2308 812 2368 avaritia
826 2309 935 2387 gloriae,
949 2317 979 2368 et
990 2310 1109 2370 insatia-

90 2405 159 2466 bilis
169 2403 281 2483 :cupido
293 2405 387 2478 fames,
401 2403 475 2462 nihil
496 2404 614 2478 invium,
628 2403 702 2462 nihil
721 2411 865 2464 remotum
878 2404 973 2465 videri
986 2405 1106 2468 sinebat.

91 2501 136 2561 Et
147 2500 296 2559 interdum
310 2498 469 2573 dubitabat,
482 2519 521 2557 an
535 2499 708 2559 Macedones
727 2506 773 2558 tot
793 2502 900 2560 emensi
913 2502 1006 2579 spatia
1019 2509 1108 2562 terra·

90 2617 165 2672 runs,
178 2597 210 2654 in
224 2596 293 2671 asie,
306 2602 337 2654 et
357 2595 388 2653 in
401 2595 503 2654 eastris
527 2614 610 2654 senes
621 2595 702 2670 faeti,
716 2615 769 2674 per
788 2596 899 2672 objeota
919 2597 1043 2672 flumina,
1057 2617 1109 2675 per

89 2699 137 2750 tot
148 2696 265 2751 naturae
278 2691 426 2749 obstantes
440 2689 623 2749 difficultates
642 2690 769 2749 seonturi
789 2698 892 2750 essent.
934 2693 1108 2752 ‘Abundan-

13 2784 14 2791 '
91 2795 137 2846 tes
150 2793 324 2865 onustosque
337 2785 446 2863 praedt,
463 2787 556 2866 magis
568 2790 654 2862 partt
668 2785 726 2844 frui
739 2785 822 2860 velle,
837 2787 923 2864 quam
936 2787 1108 2865 acquirendi

89 2881 222 2962 fatigari
276 2879 344 2940 Non
370 2881 467 2939 ‘idem
494 2880 560 2954 sibi,
593 2886 623 2938 et
655 2880 797 2941 militibus
830 2879 919 2938 animi
944 2899 1015 2940 esse.
1070 2880 1108 2941 So

13 3052 14 3055 Ἴ
89 2979 185 3036 totius
208 2976 287 3036 orbis
313 2975 465 3055 imperium
486 2982 583 3033 mente
605 2975 792 3052 eomplexum,
817 2974 911 3033 adhue
933 2975 976 3033 in‘
992 2995 1109 3053 operum

91 3093 215 3135 suorum
234 3072 389 3150 primordio
403 3077 488 3130 stare
531 3070 667 3152 Militem·
680 3071 777 3130 labore
799 3069 1000 3150 defatigatum,
1013 3071 1109 3151 proxi·

13 3190 14 3217 ι
90 3189 172 3230 mum
185 3187 326 3246 quemque
337 3167 472 3242 fruetum,
486 3165 568 3224 finito
581 3158 697 3224 tandem
709 3165 846 3243 periurio,
861 3173 1003 3244 expetere.

153 3267 180 3324 6.
204 3263 288 3322 Viuit
308 3265 375 3341 ergo
398 3261 502 3338 cupido
524 3260 672 3335 rationem,
694 3267 724 3318 et
747 3259 784 3318 ad
808 3261 973 3320 oonoionem
997 3263 1110 3324 voeatis

90 3359 243 3434 militibus,
258 3357 296 3415 ad
317 3356 393 3416 hu'no
414 3357 539 3414 maxime
558 3355 677 3414 modurn
698 3355 842 3416 disseruit.
890 3361 907 3392 “
917 3357 946 3416 N
949 3377 986 3416 on
999 3359 1109 3436 ignoro,

90 3455 211 3529 milites,
225 3453 326 3528 multa,
339 3473 405 3532 quae
425 3459 535 3511 terrere
547 3469 599 3510 vos
622 3457 748 3527 possent,
763 3451 799 3512 ab
819 3451 924 3511 ineolis
945 3451 1039 3511 Indiae
1058 3471 1111 3529 per

92 3551 147 3610 hos
168 3549 300 3609 dies⁸de
322 3548 468 3607 industrii
482 3565 546 3606 esse
564 3548 684 3623 jaetata.
727 3546 785 3606 Sed
808 3565 866 3605 non
888 3553 933 3604 est
957 3545 1111 3622 improvisa

91 3646 176 3707 vobis
199 3643 401 3702 mentientium
413 3642 536 3703 vanitas.
579 3642 628 3701 Sio
654 3640 768 3701 Oilieiae
790 3642 897 3714 faueas,
919 3639 960 3698 sio
981 3639 1111 3717 Mesopo-

91 3742 193 3800 tamiae
213 3757 338 3817 campos,
361 3738 473 3818 Tigrim
494 3745 524 3795 et
546 3736 733 3814 Euphratem,
756 3753 876 3814 quorum
898 3733 1018 3792 alterum
1038 3734 1112 3794 vado

92 3835 291 3910 transivimus,
307 3833 429 3892 alterum
443 3840 540 3911 ponte,
555 3831 729 3891 'terribilem
742 3831 869 3888 fecerant
882 3829 988 3888 Persae.
1016 3829 1112 3888 8Νιιιι-

12 3972 15 3984 ·
92 3936 180 4012 qutm
202 3931 242 3991 ad
265 3915 408 4008 liquidum
429 3929 508 3986 fama
521 3925 705 4004 perduoitur.
758 3922 872 3998 Omnia,
896 3922 949 3982 illa
970 3922 1113 3999 tradente,
