2592 4400
175 393 215 452 76
524 407 665 459 curura
690 407 833 449 ooarrr

172 547 276 626 utique
298 553 452 626 postquam
474 547 576 624 auriga
600 545 693 621 Darii,
706 545 759 626 qui
774 553 843 606 ante
863 547 961 626 ipanm
981 547 1088 608 aedona
1101 567 1190 629 equca

173 643 301 722 regebat,
318 643 402 700 lrastd
415 643 571 700 transfixus
585 650 637 700 eat
681 640 709 701 N
712 660 745 700 eo
758 649 810 700 aut
824 641 934 716 Persas,
948 649 1000 700 aut
1014 643 1190 704 Macedones

173 736 352 811 dubitavere,
386 737 456 814 quin
484 737 546 814 ipse
574 737 640 796 Rex
667 744 746 794 esset
777 735 897 794 occisus.
953 735 1087 813 Lugubri
1118 740 1190 816 ergd

66 827 115 898 ss
112 829 135 878 5
135 818 166 878 ἴ
172 831 296 906 ululatu,
312 839 342 890 et
356 831 502 890 incondito
517 831 651 903 clamore,
665 831 840 909 gemituque,
854 838 945 888 totam
959 830 1021 888 ferd
1035 831 1127 890 aciem
1141 833 1189 890 ad·

104 927 111 936 “
171 928 227 985 huc
255 945 337 1005 aequo
366 926 463 984 Marte
490 927 691 1004 pugnantium,
719 925 873 985 turbavere
899 926 1016 1003 cognati
1045 925 1128 985 Darii
1158 936 1190 986 et

171 1022 324 1100 armigeri:
358 1021 517 1099 '‘laevoqus
548 1039 637 1079 cornu
665 1020 695 1078 in
729 1021 829 1098 fugam
862 1020 962 1094 effuso,
991 1020 1190 1080 destituerant

172 1097 296 1200 anirum,
312 1135 398 1194 quern
412 1133 429 1172 a
443 1115 550 1174 dextra
573 1121 656 1192 parte
677 1114 779 1204 stipati
801 1113 831 1172 iu
853 1113 981 1172 medium
996 1134 1099 1191 aguam
1112 1134 1190 1194 rece·

171 1219 286 1288 parunt.
330 1209 456 1283 Dicitur,
479 1209 594 1268 acinace
619 1209 731 1282 stricto,
747 1207 854 1266 Darius
877 1208 1038 1281 dubitasse,
1053 1229 1090 1267 an
1110 1209 1191 1288 fugae

54 1307 72 1370 l
82 1299 158 1367 5‘60
173 1304 299 1364 dedecus
322 1305 443 1364 honesta
467 1313 559 1362 morte
578 1303 695 1363 vitaret
736 1303 758 1332 '⁶
768 1302 828 1363 Sed
850 1303 980 1362 eminens
1003 1322 1099 1375 curru,
1120 1324 1190 1363 nou·

175 1383 247 1458 drlrn
274 1417 386 1457 omnem
414 1403 531 1457 suorum
558 1398 647 1457 aciem
680 1397 782 1476 praelio
809 1397 998 1457 excedentem
1025 1399 1191 1458 destituere

171 1495 367 1553 erubescebat.
423 1492 503 1551 Dalm
531 1493 607 1551 inter
635 1512 716 1569 spem
742 1500 773 1552 at
806 1492 1047 1569 desperationem,
1063 1493 1191 1572 haesitat,

172 1593 279 1650 sensim
301 1589 401 1648 Persae
425 1588 574 1664 cedebant,
596 1595 625 1647 et
649 1588 818 1648 laxaverant
839 1589 964 1647 ordines.
1007 1589 1190 1664 Alexander,

171 1691 283 1744 mutato
298 1703 379 1762 equo,
396 1683 515 1762 (quippe
530 1684 628 1760 plures
642 1683 837 1761 fatigaverat)
851 1683 1051 1742 resistentium
1065 1684 1191 1744 adversa

62 1765 222 1844 Wsora
248 1779 385 1855 fodiebat,
413 1779 587 1856 fugientium
615 1785 705 1855 terga
762 1778 889 1856 Jamque
915 1797 974 1836 non
999 1798 1106 1856 pugna,
1134 1779 1191 1838 sed

171 1875 264 1934 caedes
278 1882 350 1949 erat,
364 1875 432 1932 erim
448 1873 555 1932 Darius
568 1891 684 1952 quoque
698 1893 816 1932 currum
831 1891 916 1931 auum
931 1873 961 1930 in
975 1873 1072 1949 fugam
1086 1873 1189 1934 vertit.

172 1971 194 1999 ²⁸
206 1970 347 2029 Haerebat
361 1970 391 2028 iu
405 1969 494 2046 tergis
515 1968 691 2047 fugientium
704 1969 807 2041 viator,
821 1968 873 2026 sod
891 1975 1078 2045 prospectum
1092 1968 1190 2027 oculo·

171 2085 236 2124 rum
264 2065 355 2130 nubes
382 2064 520 2142 pulveris,
545 2083 611 2142 quae
637 2063 675 2121 ad
702 2063 807 2122 coslum
834 2063 992 2136 ferebatur,
1013 2062 1187 2124 abstulerat

174 2150 256 2237 Ergd
283 2159 362 2218 haud
397 2159 482 2219 secde
505 2159 593 2238 quarn
618 2157 647 2217 in
676 2158 804 2219 tenebris
828 2157 972 2232 errabant,
996 2157 1034 2216 ad
1057 2159 1189 2221 sonitum

68 2262 87 2313 l
98 2241 249 2350 sstnotae
272 2254 359 2329 vocis,
383 2260 418 2311 ut
440 2254 562 2332 signum,
590 2253 747 2313 ”subinde
771 2259 912 2313 coeuntes
964 2252 1190 2313 Exaudiebatur

19 2334 43 2415 b
171 2348 287 2407 tantum
311 2350 451 2425 strepitus
476 2348 661 2423 habenarum,
685 2348 791 2427 quibus
818 2348 886 2425 equi
909 2366 1026 2407 currum
1049 2347 1189 2407 vehentes

171 2444 331 2504 identidem
354 2443 591 2503 verberabantur.
643 2443 719 2503 Haeo
742 2443 805 2502 sola
825 2444 965 2521 fugientis
988 2443 1113 2521 vestigia
1139 2462 1190 2503 ex·

171 2546 255 2617 cepta
269 2545 344 2597 sunt.
371 2522 411 2616 a(
566 2532 576 2549 ⁸
1092 2590 1097 2599 .

232 2632 320 2694 XVI.
342 2634 389 2691 60.
412 2633 457 2691 At
471 2632 501 2691 in
515 2632 587 2692 laevo
603 2633 794 2692 Macedonum
814 2652 912 2706 cornu,
925 2632 1003 2710 quod
1017 2632 1187 2708 Parmenio,

61 2730 260 2808 l575‘(aicut
283 2728 475 2789 antedictum
499 2732 552 2807 cst)
574 2729 720 2802 tuebatur,
742 2729 846 2807 ¹longd
867 2728 927 2787 alia
947 2728 1067 2787 fortuna
1079 2730 1187 2789 utrina·
1275 2743 1276 2760 ³

170 2844 228 2904 que
242 2826 334 2903 portis
348 2844 394 2884 res
408 2824 571 2904 gerebatur.
615 2824 743 2882 Mazaeus
754 2843 819 2881 oum
832 2823 912 2882 omni
926 2842 1043 2881 suorum
1051 2824 1189 2901 equitatu
1275 2875 1276 2888 ,

170 2922 355 2979 vehementer
382 2921 522 2988 invectus,
555 2920 679 2997 urgebat
706 2918 898 2977 Macedonum
920 2918 988 2976 alna.
1038 2918 1187 2997 'Jamque
1275 2945 1276 2972 r

172 3014 321 3073 abundans
343 3016 531 3075 multitudiue
554 3016 644 3073 aciem
664 3014 841 3073 circumvehi
864 3022 996 3090 coeperat,
1021 3014 1090 3071 crim
1115 3014 1188 3074 Par·

172 3104 268 3167 menio
288 3110 398 3187 equites
423 3110 559 3167 nunciare
582 3109 669 3185 jubet
694 3108 872 3181 Alexandro,
888 3109 918 3165 in
941 3128 998 3186 quo
1019 3103 1189 3169 discrimine

54 3177 228 3287 (tisipsi
243 3211 353 3277 essent3
375 3204 432 3261 nisi
454 3205 568 3261 matura
583 3202 793 3278 subveniretur,
807 3223 864 3262 non
886 3222 970 3281 posse
989 3204 1055 3262 sisti
1075 3205 1185 3283 fugam.

174 3300 197 3359 J
198 3318 244 3358 am
259 3298 384 3357 multum
404 3300 459 3359 viae
480 3307 656 3377 praeceperat
680 3300 756 3373 Rex,
771 3299 922 3358 imminens
942 3299 1116 3375 fugientium
1130 3308 1186 3359 ter·
1275 3365 1276 3368 Ἴ

171 3396 226 3473 gis,
253 3395 322 3452 crim
350 3414 367 3451 a
395 3393 586 3452 Parmenione
611 3395 705 3453 tristis
725 3395 848 3453 nuncius
868 3394 953 3452 veuit.
995 3394 1186 3455 'Refrasnars

175 3508 263 3567 equos
285 3489 383 3565 jussit,
396 3489 446 3568 qui
461 3488 648 3563 vehebantur,
662 3508 820 3568 agmenque
844 3489 992 3547 constitit:
1013 3488 1186 3549 ‘frendente

171 3584 351 3663 Alexandro,
367 3585 439 3661 eripi
454 3582 510 3642 sibi
531 3584 681 3642 victoriam
695 3604 711 3641 e
725 3585 865 3658 manibus,
881 3593 911 3642 et
931 3584 1053 3641 Darium
1067 3585 1186 3645 felicius
1248 3657 1250 3660 Ι

63 3657 85 3714 s
102 3661 279 3756 qugere,
295 3681 382 3757 quam
408 3680 489 3757 sequi
504 3698 542 3737 se.
585 3677 711 3739 Interim
726 3678 764 3737 ad
785 3679 927 3738 Mazaeum
948 3681 1077 3755 superati
1092 3680 1186 3757 Regis

170 3772 248 3831 laura
270 3781 447 3851 pervenerat.
511 3773 616 3852 Itaque
640 3794 802 3853 quanquam
825 3773 950 3833 validior
972 3780 1044 3845 erat,
1065 3775 1184 3833 fortuna

170 3872 263 3925 tamen
288 3870 415 3944 partium
437 3868 568 3941 territus,
594 3869 736 3945 perculsis
756 3868 920 3946 languidius
933 3867 1069 3926 instabat
1112 3870 1185 3929 Par·
1275 3901 1276 3924 1

162 2033 169 2068 l
