2592 4400
182 371 216 428 18
526 385 667 436 ouran
693 385 833 427 euasrr

178 523 303 602 Jamque
327 521 493 583 Alexander
506 521 616 584 viribus
637 524 764 601 eorporis
783 524 915 602 reeeptis‚
929 521 966 581 ad
986 521 1086 583 urbem
1106 519 1219 583 Solos

182 625 367 696 pervenerat:
388 620 470 694 enjus
491 618 608 696 potitus,
631 617 762 678 dueentis
781 619 899 677 talentis
920 617 1037 675 nomine
1059 615 1218 674 ‘muletae

179 712 298 786 exactis,
309 712 367 770 arei
386 711 553 790 praesidium
572 711 699 770 militum
711 712 856 790 imposuit.
899 712 1001 784 'Vota
1015 711 1120 769 deinde
1141 729 1216 787 pro

103 816 161 874 qao
181 807 274 866 salute
301 813 432 882 suseepta
459 825 510 883 per
534 806 635 864 ludum
661 813 747 885 atque
780 806 872 865 otium
904 805 1036 879 reddens,
1064 805 1215 864 ostendit

180 904 288 980 quante
309 900 414 960 fiducia
432 901 570 986 barbaros
589 908 755 979 sperneret:
778 901 885 979 quippe
899 899 1069 978 AEseulapio
1089 906 1120 958 et
1138 899 1223 958 Mi-'

181 1015 275 1056 nerrae
297 995 381 1054 ludos
406 995 570 1055 eelebravit
626 995 776 1072 Spectanti
802 995 941 1053 ‘nunnius
966 993 1051 1054 laetus
1075 994 1213 1052 affertur

182 1110 219 1148 ex
241 1090 454 1164 Halicarnasso,
479 1091 613 1150 “Persas
640 1090 701 1150 aoie
727 1090 828 1149 asnis
846 1107 909 1148 esse
932 1096 1087 1166 superatos,
1110 1088 1212 1166 Myn-

182 1178 246 1244 dios
268 1203 379 1262 quoque
403 1191 434 1244 et
456 1183 587 1259 Caunios,
615 1191 645 1242 et
668 1184 805 1263 pleraque
829 1188 943 1243 traetds
963 1185 1036 1260 ejus,
1059 1202 1120 1242 suae
1140 1183 1211 1240 fao·

115 1275 214 1346 Μία
247 1278 396 1337 ditionis.”
451 1277 549 1357 Igitur
584 1278 664 1338 edito
697 1279 857 1356 speetaoulo
888 1277 1007 1352 ludicre,
1038 1278 1211 1355 castrisque

183 1372 278 1446 metis,
292 1379 323 1430 et
344 1373 469 1450 Pyramo
479 1391 560 1432 amne
581 1381 668 1450 ponte
688 1375 797 1450 juncto,
819 1373 857 1432 ad
877 1373 977 1433 urbem
998 1372 1111 1431 Mallon
1131 1393 1206 1450 per·

184 1466 283 1527 venit:
312 1465 379 1525 inde
408 1467 523 1534 ‘alteris
550 1467 653 1526 eastris
676 1467 714 1527 ad
741 1467 878 1546 oppidum
907 1467 1099 1542 Castabulum.
1151 1466 1208 1526 Ibi

185 1559 339 1657 Pprmenio
361 1561 438 1641 Regi
456 1562 588 1636 oeeurrit,
614 1581 699 1640 quem
724 1563 903 1640 praemiserat
929 1562 966 1620 ad
992 1561 1207 1639 explorandum

184 1657 240 1714 iter
263 1655 366 1730 saltits,
380 1675 432 1733 per
454 1675 538 1734 quem
558 1656 596 1714 ad
615 1657 723 1731 urbem,
745 1659 830 1716 Issen
849 1657 972 1732 nomine,
992 1655 1206 1734 penetrandum

118 1757 254 1829 qaoerat.
296 1749 394 1828 Atque
416 1750 465 1810 ille
484 1751 624 1829 angustiis
636 1753 700 1828 ejus
720 1751 875 1830 ooeupatis‚
889 1757 920 1810 et
939 1750 1073 1828 praesidio
1085 1750 1203 1809 modieo

185 1845 295 1920 relicto,
309 1845 392 1904 Isson
414 1864 527 1924 quoque
548 1845 690 1906 desertam
703 1866 722 1904 a
734 1846 866 1907 barbaris
882 1852 1006 1924 ceperat
1047 1844 1121 1903 Inde
1133 1865 1202 1922 pro-

87 1997 88 2000 ,
184 1959 310 2020 gressus,
326 1939 515 2013 ‘deturbatis
528 1941 578 2020 qui
592 1941 731 2001 interiora
750 1942 893 2001 montium
906 1939 1085 2015 obsidebant,
1099 1941 1201 2018 praesi-

186 2035 243 2096 diis
256 2041 360 2094 ennete
371 2034 513 2096 firmavit:
534 2042 725 2114 oeeupatoque
744 2035 857 2110 itinere,
871 2035 944 2094 sieut
957 2034 1043 2113 panld
1056 2036 1124 2093 ante
1139 2033 1199 2093 dio·

186 2137 250 2190 tum
263 2135 316 2205 est,
330 2129 424 2188 'idem
438 2137 468 2188 et
481 2137 580 2188 auetor
593 2137 623 2188 et
636 2130 755 2188 nunnius
767 2130 857 2190 venit.

124 2229 194 2295 aa(
238 2208 294 2285 ¹17.
315 2224 401 2283 Isson
426 2224 494 2284 inde
521 2227 587 2285 Rex
607 2226 702 2303 eopias
724 2226 868 2286 admovit:
888 2226 939 2286 nbi
958 2224 1078 2284 oonsilio
1097 2223 1199 2285 habito

188 2320 324 2379 utrumne
344 2318 423 2377 ultrd
437 2319 675 2399 progrediendum
694 2321 776 2396 foret,
799 2320 891 2381 anibi
913 2297 1082 2397 oppeffidi
1102 2327 1199 2378 essent
1276 2307 1277 2328 ³

188 2414 297 2473 milites
319 2412 396 2488 novi,
419 2434 489 2492 ques
511 2432 547 2473 ex
573 2414 745 2474 Maeedonit
765 2415 919 2474 adventare
938 2414 1105 2491 eonstabat3
1127 2414 1198 2475 Par·
1275 2475 1278 2485 ,

190 2509 284 2567 menie
319 2528 376 2567 nen
412 2509 501 2567 aliurn
532 2510 626 2568 loeum
659 2509 757 2587 praelio
789 2509 929 2586 aptiorem
961 2529 1023 2569 esse
1055 2510 1196 2571 eensebat.
1276 2521 1277 2524 ’

192 2603 306 2681 Quippe
320 2602 381 2661 illio
394 2603 542 2683 utriusque
556 2604 648 2683 Regis
661 2604 757 2681 eopias
769 2622 886 2663 numero
899 2605 1012 2663 futuras
1026 2622 1118 2681 pares,
1132 2605 1199 2661 edm
1276 2673 1277 2682 χ

19 2776 22 2779 ¹
122 2698 331 2778 hvffanffrstiee
343 2698 558 2759 multitudinem
578 2718 635 2757 non
655 2705 807 2775 eaperent:
828 2698 976 2775 planitiem
989 2698 1061 2776 ipsis
1074 2716 1197 2775 eampos
1276 2701 1277 2704 ’

75 2798 155 2873 β’
181 2776 251 2873 'que‘
259 2813 322 2853 esse
335 2794 477 2869 vitandos,
492 2794 542 2854 ubi
557 2793 710 2867 eiroumiri,
724 2793 775 2853 ubi
796 2792 914 2870 ancipiti
927 2792 987 2851 aeis
1000 2792 1122 2870 opprimi
1136 2812 1197 2870 pos·
1227 2828 1238 2849 =
1276 2813 1277 2826 ²

70 2878 72 2883 ¹
190 2896 272 2949 sent:
294 2889 404 2963 timere,
418 2907 454 2947 ne
475 2908 532 2947 non
544 2888 654 2948 virtute
667 2887 803 2962 hostium,
817 2886 868 2947 sed
886 2885 1055 2946 lassitudine
1068 2889 1121 2946 sud
1140 2887 1196 2946 vin·

190 2990 340 3049 serentur:
363 2984 487 3042 ⁸Persas
500 2992 628 3042 reeentes
642 2982 760 3042 subinde
774 3000 960 3056 sueoessuros
974 2981 1000 3040 si
1014 2982 1111 3039 laxius
1124 2989 1196 3041 stare
1276 3033 1277 3036 ,

191 3077 360 3155 potuissent.
410 3078 508 3135 llaoile
533 3077 607 3135 ratio
633 3084 694 3135 tam
715 3076 838 3136 salubris
864 3075 979 3134 eonsilii
1005 3082 1120 3153 aoeepta
1146 3085 1194 3136 est.

131 3170 296 3249 ‘fultaque
319 3170 394 3229 iuter
416 3172 563 3250 angustias
577 3172 671 3230 saltris
684 3171 808 3248 opperiri
828 3170 941 3229 statuit
983 3170 1059 3230 Erat
1079 3170 1110 3229 in
1121 3190 1195 3229 exer·

192 3266 251 3323 eitu
265 3265 356 3344 Regis
371 3265 497 3325 'Sisines
512 3267 622 3340 Perses,
631 3266 772 3343 quondam
785 3286 804 3323 a
817 3266 948 3325 Praetore
959 3265 1083 3344 AEgypti
1096 3266 1194 3325 missus

193 3362 231 3419 ad
258 3360 443 3439 Philippum3
466 3361 602 3439 denisque
629 3369 660 3419 et
686 3360 763 3419 omni
789 3359 895 3419 honore
918 3360 1022 3435 onltns,
1052 3363 1072 3389 ¹·
1083 3361 1195 3419 exilium

193 3457 288 3533 patrib
301 3454 368 3513 sede
381 3462 561 3515 mutaverat:
583 3462 699 3514 seoutus
721 3454 824 3513 deinde
837 3456 866 3513 in
881 3454 983 3513 Asiam
997 3455 1193 3531 Alexandrum,

193 3550 267 3609 inter
280 3550 380 3608 fideles
395 3549 485 3608 socios
498 3549 663 3609 habebatur.
706 3550 783 3609 Huio
796 3548 947 3626 epistolam
962 3548 1108 3609 Cretensis
1120 3551 1194 3609 miles
1274 3573 1278 3582 ’

124 3645 375 3723 ᾅᾳιῠῦεἰςηπαω
396 3645 510 3719 annulo,
525 3646 606 3720 eujus
630 3645 743 3723 signum
762 3643 840 3702 hand
860 3646 927 3703 sane
941 3651 1042 3702 notum
1055 3652 1126 3718 erat,
1145 3653 1193 3703 tra-

193 3728 278 3800 didit.
321 3738 503 3801 Nabarzanes
522 3740 636 3798 Praetor
658 3740 743 3799 Darii
761 3739 880 3799 miserat
898 3741 969 3813 eam,
982 3732 1194 3818 hortabaturque

197 3835 329 3903 Sisinem,
343 3842 377 3893 ut
397 3834 514 3912 dignum
535 3834 644 3912 aliquid
663 3834 815 3895 nobilitate
828 3854 861 3893 ae
873 3833 1000 3894 moribus
1020 3835 1079 3893 suis
1089 3834 1192 3894 ederet:

199 3932 216 3959 ’¹
230 3947 330 4003 magne
346 3930 375 3987 id
389 3928 414 3987 ei
428 3930 503 4006 apud
519 3931 627 4006 Regem
641 3930 741 3989 honori
754 3930 823 3988 fore.
853 3929 945 3988 ¹²Has
958 3929 1073 3987 litteras
1086 3928 1191 4002 Sisines,
