2592 4400
420 384 541 425 hinnu
567 382 601 423 v.
631 384 716 425 our.
745 382 798 421 ιν.
1077 363 1113 421 91

86 527 124 580 et
150 520 192 580 iis
217 521 317 599 oopiis,
330 542 401 600 quas
422 520 570 601 Meleager
591 521 725 596 ducebat,
738 527 768 579 et
789 517 949 599 sagittariis
972 517 1117 597 equitibus

86 617 187 693 mille,
211 617 350 695 praecipit,
374 624 407 675 ut
431 625 592 675 uestrorum
616 616 710 693 speeie
733 622 874 690 manente,
897 614 995 692 plures
1018 613 1054 672 de
1074 613 1115 671 in-

17 701 216 770 &thuraria
240 713 320 791 ignes
341 712 404 770 fleri
428 712 590 789 imperaret,
613 714 670 790 qud
695 712 788 789 magis
815 710 937 771 Barbari
958 709 1114 784 crederent,

86 806 193 883 ipsum
208 808 319 885 Regem
333 807 363 864 in
378 807 481 865 eastris
492 826 562 866 esse.
606 807 758 881 (laeterim,
772 808 797 865 si
812 806 889 865 forte
904 805 1115 865 Ariobarzanes

88 901 288 979 cognovisset,
302 922 353 978 per
375 902 492 959 uallium
515 902 655 960 infractus
679 902 698 930 ¹²
707 921 773 959 eum
793 901 912 975 intrare,
926 907 957 959 et
977 900 1014 957 ad
1034 918 1114 957 ooon·

87 995 223 1085 pandum
237 997 293 1055 iter
306 1016 398 1070 suum,
412 1004 524 1075 partem
544 997 690 1073 copiarum
710 1001 853 1055 tentasset
867 1014 1024 1072 opponere;
1047 993 1114 1053 Ora

90 1099 189 1165 tems,
204 1091 235 1148 in
259 1111 324 1149 eum
339 1091 359 1121 ¹⁸
368 1091 452 1150 illato
471 1100 589 1167 terrore,
603 1092 741 1150 retineret
764 1090 801 1149 ad
824 1090 943 1169 propius
956 1089 1114 1167 perieulum

17 1172 267 1280 37doonversum
280 1206 390 1265 agmen
432 1186 484 1245 Sin
507 1193 604 1244 autem
626 1187 688 1264 ipse
701 1186 814 1245 hostem
834 1185 995 1259 fefellisset,
1016 1192 1046 1242 et
1060 1184 1114 1243 sal·

89 1287 157 1339 tum
186 1286 364 1357 oooupetsset,
393 1283 462 1339 oiim
487 1281 694 1358 trepidantium
726 1281 922 1342 Barbarorum
956 1280 1114 1339 tumultum

89 1375 265 1434 exaudisset
288 1378 308 1404 ¹⁴
318 1376 551 1453 persequentium
574 1377 694 1455 Regem,
708 1376 740 1435 id
763 1377 857 1455 ipsum
871 1376 936 1451 iter,
950 1394 1007 1454 quo
1019 1374 1113 1453 pridie

89 1470 169 1547 pulsi
184 1471 310 1545 fuerant,
326 1490 362 1529 ne
376 1470 522 1531 dubitaret
534 1471 665 1551 ingredi:
686 1471 792 1551 quippe
805 1491 926 1531 vaenum
939 1473 1011 1547 fore,
1025 1470 1113 1531 hosti·

18 1575 21 1618 ἰ
90 1564 149 1623 bns
162 1564 195 1622 in
209 1572 301 1630 semet
314 1566 430 1626 aversis

17 1643 109 1735 39?
158 1664 203 1720 15.
227 1660 295 1738 Ipse
318 1661 408 1719 tertia
421 1661 533 1741 vigilia,
555 1660 654 1721 silenti
676 1662 797 1741 agmine,
812 1682 845 1721 ao
866 1682 901 1721 ne
914 1662 985 1721 tuba
997 1660 1111 1739 quidem

92 1756 162 1815 dato
176 1757 272 1835 signo,
287 1756 382 1835 pergit
394 1757 431 1815 ad
454 1757 683 1816 demonstratum
705 1759 760 1817 iter·
773 1758 895 1817 uallium.
937 1757 1039 1817 Tridui
1061 1757 1112 1815 ali-

91 1858 194 1909 menta
206 1859 322 1928 portare
336 1851 463 1910 militem
482 1854 611 1928 jusserat
629 1842 733 1912 leriter
746 1859 893 1911 armatum.
935 1851 994 1912 sed
1008 1860 1113 1929 praeter

92 1944 188 2030 iuriae
211 1964 305 2023 rupes,
327 1965 360 2003 ao
383 1952 529 2023 praerupta
552 1965 630 2021 saxa,
651 1945 804 2023 vestigium
827 1945 948 2006 subinde
971 1945 1111 2021 fallentia,

93 2040 146 2099 nix
169 2041 315 2099 oumulata
335 2048 421 2101 vento
444 2039 640 2120 ingredientes
659 2041 810 2119 fatigabat.
854 2040 966 2118 Quippe
980 2041 1061 2100 velut
1081 2042 1112 2099 in

28 2130 192 2207 ‘rstfoveas
214 2135 303 2194 delati
325 2135 541 2212 hauriebantur,
556 2143 587 2193 et
606 2138 674 2194 edm
688 2156 705 2195 a
719 2134 963 2195 commilitonibus
983 2135 1111 2195 levaren-

95 2237 154 2307 tur,
176 2230 331 2305 trahebant
353 2233 446 2310 magis
473 2232 651 2309 adjuvantes,
676 2235 763 2311 quam
789 2232 987 2311 sequebantur.
1042 2231 1112 2292 Nox

94 2346 214 2404 quoque,
236 2334 267 2384 et
287 2328 386 2406 ignota
409 2329 499 2406 regio,
524 2347 558 2385 ao
582 2326 649 2403 dux,
675 2327 829 2405 (incertum
855 2347 892 2385 an
919 2327 990 2388 satis
1016 2327 1109 2406 fidus)

95 2422 329 2505 multiplicabant
352 2425 503 2498 ¹'metum
526 2423 552 2480 si
578 2422 713 2482 eustodes
744 2423 904 2498 fefellisset,
927 2423 1011 2502 quasi
1032 2424 1110 2482 feres

95 2515 205 2576 bestias
232 2517 311 2593 ipsos
334 2536 419 2594 posse
439 2517 623 2594 deprehendi
676 2517 725 2577 Ex
745 2518 831 2578 unius
853 2517 960 2595 captivi
981 2518 1028 2578 vel
1053 2517 1109 2576 fide

26 2611 143 2690 ‘pessel
170 2612 274 2686 animi,
301 2611 423 2689 pendere
452 2619 481 2670 et
502 2609 594 2691 Regis
625 2612 748 2672 salutem
777 2618 807 2671 et
835 2631 925 2672 suam.
981 2612 1110 2670 Tandem

96 2709 200 2765 venere
213 2705 244 2762 in
255 2708 364 2784 jugum
406 2710 436 2766 A
450 2707 554 2765 dextra
567 2708 623 2766 iter
636 2707 675 2765 ad
695 2707 787 2784 ipsum
800 2706 1024 2766 Ariobarzanem
1037 2715 1107 2767 erat.

98 2801 159 2859 Hie
171 2801 319 2859 Philotam
332 2809 363 2858 et
377 2799 485 2861 Coenon
499 2821 565 2860 oum
584 2803 716 2880 Amyntt
730 2808 759 2858 et
781 2801 1011 2878 Polysperoonte,
1026 2819 1108 2878 expe

98 2896 188 2972 ditam
209 2895 348 2954 habentes
370 2904 495 2971 manum,
518 2896 646 2974 reliquit,
668 2895 801 2970 monitos,
827 2899 888 2952 “ut
910 2893 979 2973 quia
994 2895 1108 2974 1⁶eques

44 2993 47 3001 '
98 2990 188 3069 pediti
210 2996 272 3048 erat
294 2990 411 3066 mixtus,
425 2998 455 3049 et
474 2996 533 3069 qui
549 2990 772 3070 pinguissimum
794 2997 870 3048 esset
892 2989 994 3066 solum,
1009 2997 1039 3050 et
1060 3011 1108 3069 pa·

33 3067 160 3164 distuli
183 3085 287 3160 fertile,
315 3088 422 3173 sensim
447 3085 660 3162 procederent.'’
711 3085 805 3144 Duoes
831 3091 912 3144 erant
930 3084 1046 3146 itineris
1071 3085 1108 3146 do

98 3180 218 3256 eaptivis
232 3180 304 3239 dati.
345 3180 414 3258 Ipse
435 3200 499 3239 oum
524 3180 683 3259 armigeris,
698 3187 728 3238 et
752 3180 809 3257 alat,
822 3200 909 3259 quam
923 3182 1042 3256 Agema
1061 3202 1107 3260 ap·

98 3277 213 3354 pellant,
236 3275 328 3334 ardua
351 3275 466 3350 semita,
488 3275 539 3334 sed
560 3275 678 3354 longius
698 3295 715 3334 a
736 3276 908 3336 stationibus
927 3276 1053 3337 hostium
1065 3295 1107 3336 re·

18 3370 22 3423 t
98 3375 185 3455 mota,
199 3369 294 3428 multt
313 3389 379 3428 oum
399 3371 549 3429 vexatione
572 3371 719 3447 prooessit.
762 3371 875 3429 Medius
899 3379 962 3430 erat
981 3371 1055 3446 dies,
1077 3379 1107 3430 et

99 3466 227 3545 fatigatis
251 3464 411 3524 necessaria
431 3465 520 3544 quies
562 3463 676 3542 Quippe
690 3464 867 3524 tantumdem
881 3465 994 3524 itineris
1009 3485 1105 3543 super-

18 3630 19 3634 ,
45 3556 166 3639 strepat,
185 3567 326 3639 quantum
346 3560 455 3618 emensi
468 3567 559 3634 erant,
574 3560 624 3618 sed
637 3560 736 3618 mimis
744 3561 901 3637 praecipitis
914 3567 1000 3638 atque
1014 3560 1104 3620 ardui.

100 3657 197 3735 ltaque
225 3655 342 3714 refectis
368 3655 433 3714 oibo
460 3674 614 3735 somnoque
640 3654 793 3730 militibus,
823 3657 842 3683 ¹⁷
852 3655 976 3712 secunda
1002 3653 1104 3733 vigilia

99 3753 193 3832 surgit,
223 3758 253 3809 et
278 3757 384 3810 caetera
410 3748 525 3827 quidem
551 3749 629 3808 haud
655 3751 732 3828 aegre
759 3749 906 3826 praeteriit.
948 3747 1104 3826 (laeterdm,

97 3850 150 3930 qui
169 3868 201 3908 se
220 3849 323 3926 jugum
344 3845 484 3903 montium
505 3845 646 3922 paulatim
668 3844 706 3903 ad
726 3844 858 3922 planiora
877 3843 1014 3920 demittit,
1037 3845 1055 3874 ¹⁸
1063 3845 1104 3904 in·
