2592 4400
440 407 562 448 aranu
591 408 644 448 ιν.
677 408 763 449 ear.
791 409 824 449 x.
1093 393 1130 452 61

117 543 365 623 pulchritudinem
377 545 479 605 formae
501 547 574 622 ejus,
588 564 646 604 non
664 544 796 607 libidinis
815 546 1132 609 habueratincitamen·
1151 547 1166 579 '⁴

6 625 30 700 Ῐ
36 637 76 686 0‘
83 628 117 678 5
118 645 192 712 tum,
208 640 259 698 sed
272 639 379 718 gloriae.

181 737 228 792 42.
253 735 278 792 Ε
294 734 479 812 spadonibus,
489 735 540 813 qui
555 734 631 793 eirca
645 735 790 814 Reginam
804 745 895 810 erant,
908 737 1044 814 Tyriotes
1054 738 1132 796 inter

118 828 344 906 trepidationem
365 829 528 906 lugentium
548 829 674 906 elapsus,
688 849 822 907 peream
842 838 962 909 portam,
976 853 1050 911 quea,
1063 833 1131 911 qnia

118 923 158 984 ab
179 923 262 982 hoste
286 943 387 982 aversa
411 923 601 997 metieritis
625 924 852 998 custodiebatur,
868 926 905 983 ad
929 926 1012 984 Darii
1035 934 1131 986 castra

140 1005 267 1078 ervenit:
289 1026 483 1097 exceptusque
498 1039 516 1076 a
526 1018 674 1098 vigilibus,
685 1019 716 1076 in
730 1019 948 1079 tabernaculum
962 1021 1054 1098 Regis
1067 1041 1130 1098 per·

16 1109 93 1176 lo?
161 1114 237 1172 citur
249 1133 365 1191 gemens
379 1121 500 1172 etreste
514 1113 652 1172 lacerate.
695 1113 788 1184 Quem
802 1122 838 1172 ut
850 1115 999 1192 conspexit
1012 1114 1130 1190 Darius,

118 1208 276 1286 multiplici
288 1208 396 1268 doloris
411 1208 624 1284 exspectatione
636 1215 803 1282 commotus,
815 1217 853 1283 et,
864 1210 935 1288 quid
945 1209 1130 1287 potissimum

118 1302 247 1377 timeret,
262 1303 407 1362 incertus:
429 1302 568 1362 “Vultus
591 1304 689 1377 tuus‚”
703 1304 808 1382 inquit,
823 1307 839 1338 “
849 1305 973 1363 ¹⁰nescio
994 1305 1075 1383 quod
1088 1305 1131 1363 in·

118 1417 191 1476 gens
203 1399 310 1456 malum
320 1399 455 1477 praefert:
471 1398 521 1457 sed
534 1396 554 1427 ’Ὺ
562 1417 631 1458 cave
642 1399 741 1458 miseri
752 1399 875 1458 hominis
886 1400 1004 1460 auribus
1013 1419 1128 1477 parcas;

119 1466 210 1551 di'diei
224 1493 301 1551 enim
316 1512 378 1552 esse
392 1492 509 1568 infelix;
526 1499 555 1550 et
566 1494 643 1569 saepe
653 1493 827 1552 calamitatis
841 1493 976 1552 solatium
990 1503 1036 1553 est
1045 1499 1130 1555 nosse

21 1594 38 1648 t
48 1577 229 1658 cffiortem
251 1607 340 1646 suem.
384 1586 472 1661 Num,
486 1587 564 1666 quod
586 1588 711 1646 maxime
734 1589 872 1666 suspicor,
887 1597 916 1647 et
929 1589 1009 1668 loqui
1030 1591 1128 1664 timeo,
1224 1585 1233 1598 ’

119 1681 279 1742 ¹⁰ludibria
303 1702 433 1740 meorum
456 1683 645 1741 nunciaturus
669 1702 701 1742 es
724 1684 806 1757 mihi,
820 1691 851 1742 et
872 1684 917 1759 (ut
941 1685 1038 1763 credo)
1057 1685 1130 1761 ipsis

117 1796 233 1856 quoque
248 1777 325 1835 omni
338 1777 472 1856 graviora
482 1776 624 1854 supplicio
634 1777 673 1836 ?”
715 1777 765 1836 Ad
775 1778 837 1837 haec
848 1777 1000 1855 Tyriotes:
1016 1778 1130 1838 “Istud

5 1916 14 1938 ,,
118 1871 237 1952 quidem
257 1871 359 1948 procul
379 1872 489 1944 abest,''
504 1872 607 1950 inquit.
649 1874 666 1905 “
677 1873 696 1901 ¹⁹
707 1870 963 1952 Quantascunque
982 1873 1058 1931 enim
1073 1873 1128 1932 Re·

122 1967 202 2045 ginis
223 1965 314 2025 honor
336 1966 372 2026 ab
394 1967 439 2043 iis,
453 1966 503 2046 qui
525 1971 636 2043 parent,
658 1965 758 2025 haberi
781 1974 887 2043 potest,
902 1967 962 2025 tuis
981 1987 1000 2025 a
1018 1967 1129 2028 victore

33 2051 253 2130 toteervaeus
267 2075 329 2120 est:
352 2062 403 2120 sed
417 2081 489 2120 uxor
502 2068 554 2118 tua
567 2060 654 2138 pauld
668 2063 735 2119 ante
750 2062 876 2120 excessit
889 2081 906 2121 e
917 2063 1010 2123 vita.’²
1053 2062 1129 2123 Tum

118 2157 189 2217 vert
203 2176 259 2216 non
273 2156 397 2235 gemitus
411 2156 504 2231 modo,
520 2156 571 2216 sed
586 2156 674 2215 etiam
694 2156 821 2234 ejulatus
835 2157 906 2216 totis
926 2158 1030 2217 castris
1044 2177 1128 2218 exau·

6 2284 8 2305 :
119 2253 283 2315 diebantur.
326 2253 355 2311 N
357 2273 389 2311 ee
404 2252 550 2314 dubitavit
571 2251 687 2326 Darius,
703 2253 773 2332 quin
793 2253 947 2311 interfecta
961 2262 1046 2327 esset,
1060 2254 1129 2333 quia

117 2349 267 2428 nequisset
276 2348 476 2407 contumeliam
485 2348 563 2424 pati:
579 2347 777 2426 exclamatque
786 2367 884 2407 amens
893 2348 1009 2408 dolore:
1025 2335 1129 2419 “Quod

118 2462 172 2523 ego
187 2451 300 2503 tentum
321 2443 403 2502 nefas
417 2443 556 2517 commisi,
572 2442 767 2501 Alexander?
808 2442 901 2513 Quem
925 2451 1044 2503 tuorum
1066 2463 1129 2523 pro
1167 2455 1172 2465 '

17 2529 291 2617 loninquorum
317 2538 427 2610 necari,
447 2538 513 2594 ²⁰ua
539 2537 612 2595 hanc
634 2538 739 2619 vicem,
753 2538 875 2597 aaevitiac
902 2558 974 2597 mese
1000 2537 1129 2597 reddas?

120 2637 221 2699 Odisti
232 2657 285 2713 me,
293 2642 350 2695 non'
360 2636 478 2714 quidem
491 2642 672 2712 provocatus.
715 2635 775 2695 sed
788 2636 862 2712 tinge
874 2637 985 2711 justum
996 2635 1129 2693 intulisse

119 2741 149 2792 te
170 2732 296 2792 bellum:
324 2734 388 2789 edm
409 2730 534 2789 foeminis
557 2731 625 2807 ergd
647 2748 733 2817 agere
759 2729 950 2789 debuerasl''
992 2730 1128 2806 Tyriotes

118 2828 261 2887 affirmare
278 2844 333 2903 -per
349 2825 426 2885 Deos
441 2826 560 2903 patrios,
575 2825 651 2883 nihil
665 2826 695 2882 in
710 2844 772 2883 eam
794 2825 911 2903 gravius
931 2842 994 2882 esse
1017 2824 1128 2882 eonsul-
1161 2853 1162 2856 ¹

118 2931 189 2981 tum.
234 2921 415 3000 Ingemuisse
437 2921 526 2979 etiam
549 2920 753 2978 Alexandrum
775 2920 870 2993 morti,
885 2924 988 2977 etnon
1009 2918 1128 2996 parcius

32 3020 46 3071 Ι
53 3015 239 3090 &metisse
250 3018 339 3095 quem
353 3016 415 3093 ipse
428 3016 610 3093 lacrymaret.
656 3015 704 3076 Ob
717 3015 780 3073 haec
794 3016 866 3091 ipsa,
878 3015 1002 3073 amantis
1015 3016 1129 3073 animus

118 3115 148 3172 in
196 3112 388 3172 llicitudincm
409 3112 657 3191 suspicionemque
670 3110 821 3169 revolutus
838 3118 900 3169 est:
912 3109 1128 3169 »¹¹desiderinm

119 3130 241 3293 cqffivae
255 3206 386 3285 profecto
401 3226 418 3265 a
432 3202 638 3264 consuetudine
653 3206 748 3282 stupri
768 3215 864 3264 ortum
878 3224 941 3264 esse
955 3208 1126 3283 conjectans.

120 3298 268 3383 Submotis
288 3301 379 3379 igitur
400 3300 527 3373 arbitris,
546 3318 604 3358 uno
625 3300 770 3357 duntaxat
793 3299 912 3376 Tyriote
934 3307 1056 3370 retento,
1068 3301 1128 3374 jam

118 3384 268 3470 dandene,
283 3394 335 3453 sed
349 3394 514 3473 suspirans:
536 3397 553 3428 “
563 3393 722 3469 Videsne,’‘
743 3394 847 3473 inquit,
862 3397 879 3427 “
890 3393 1019 3471 Tyriote,
1033 3392 1129 3451 locum
1187 3382 1197 3399 '
1215 3390 1227 3409 ⁶

24 3484 113 3561 sels-l
165 3490 267 3549 ndacio
281 3508 339 3547 non
353 3489 439 3548 esse?
480 3488 638 3547 Tormenta
656 3491 717 3565 jam
731 3489 779 3547 hie
793 3494 895 3546 erunt:
917 3486 968 3545 sed
982 3502 1017 3545 ne
1031 3504 1128 3562 expec-

104 3470 225 3761 ἔθνὴ
239 3585 259 3613 ²²
268 3602 320 3663 per
334 3582 420 3659 Deos,
435 3583 544 3662 siquid
558 3582 602 3640 tui
615 3583 671 3641 tibi
685 3583 777 3659 Regis
791 3581 962 3642 tererentiae
976 3588 1035 3655 est;
1050 3599 1129 3652 num,

156 3680 194 3740 od
208 3687 238 3739 et
252 3680 326 3738 seire
347 3686 459 3756 expeto,
475 3686 505 3737 et
518 3696 648 3755 quaerere
669 3676 769 3753 pudet,
783 3695 871 3734 ausus
885 3682 974 3733 estet
988 3674 1130 3732 Dominus

117 3786 148 3837 et
165 3775 285 3855 juvenis
294 3774 308 3832 ?
317 3776 332 3806 ’²
374 3772 432 3833 Ille
445 3772 626 3851 ”quaestioni
639 3790 744 3849 corpus
765 3771 876 3840 offerre,
892 3769 969 3827 Deos
983 3775 1075 3827 testes
1089 3769 1129 3825 in*

117 3890 228 3949 vocare,
241 3870 263 3899 ²⁴
271 3872 352 3929 caste
365 3870 520 3947 sancteque
533 3866 662 3927 habitam
673 3885 736 3925 ease
751 3864 902 3944 Reginam.
945 3863 1085 3937 Tandem,
1095 3868 1134 3953 ut
