2592 4400
437 347 555 386 mann
581 347 641 385 111.
670 347 751 386 car.
779 347 817 384 rr.
1113 326 1132 381 9

121 484 197 545 Inde
211 485 317 544 emissa
331 493 543 564 occupaverunt
564 485 783 562 Mesopotamiae
804 471 929 560 campos,
943 481 1073 560 equitum
1087 501 1134 557 pe·

121 580 275 658 ditumquo
296 581 504 657 propemodum
525 580 744 640 innumerabilis
765 579 860 652 turba,
875 580 1012 653 majorem
1027 577 1134 653 'quim
1160 607 1220 636 w.

56 694 174 754 ypra
196 695 317 732 numero
332 675 455 751 speciem
476 694 587 751 gerens.
632 675 787 732 Persarum
809 682 892 731 erant
906 679 1020 730 centum
1033 671 1134 747 millia,

120 769 152 827 in
167 770 251 848 queis
265 769 275 796 ⁴
287 789 373 846 eques
394 770 515 846 triginta
535 769 628 826 millia
649 768 796 845 implebat.
839 767 922 825 Medi
942 767 1040 824 decem
1054 767 1132 844 equi·

120 872 195 936 tum,
223 863 433 942 quinquaginta
460 864 552 922 millia
579 863 711 941 peditum
738 862 890 922 habebant.
938 861 1135 919 Barcanorum

122 958 257 1035 equitum
272 957 329 1015 duo
344 957 438 1015 millia
451 959 542 1031 fuere,
553 959 657 1016 armati
670 957 852 1034 bipennibus,
864 956 1030 1034 levibusque
1037 956 1134 1030 ⁸scutis

122 1055 231 1111 ‘cetrae
247 1052 372 1112 maxime
394 1054 517 1130 speciem
537 1053 745 1127 reddentibus;
767 1052 899 1129 peditum
922 1051 1021 1110 decem
1044 1051 1196 1118 millia„.

53 1149 186 1230 qopari
201 1152 351 1207 armature
372 1148 571 1226 sequebantur.
615 1147 748 1206 Armenii
769 1147 959 1225 quadraginta
978 1147 1071 1204 millia
1083 1146 1134 1204 mi·

122 1249 223 1302 serant
244 1242 384 1319 peditum,
400 1242 508 1300 additis
529 1249 639 1319 septem
660 1242 790 1301 millibus
810 1242 948 1320 equitum.
992 1242 1134 1318 Hyrcani,

122 1337 254 1414 ‘egregii
276 1344 309 1394 ut
332 1337 409 1400 inter
433 1336 499 1395 illas
521 1345 632 1414 gentes,
648 1356 699 1394 sex
723 1336 815 1394 millia
838 1336 1032 1414 expleverant,
1053 1337 1135 1414 equis

122 1433 296 1490 militatura.
340 1431 479 1491 Derbices
493 1431 685 1510 quadraginta
696 1431 790 1488 millia
800 1432 930 1508 peditum
944 1438 1133 1490 armaverant.

41 1523 44 1528 ’
124 1526 268 1585 Pluribus
283 1545 340 1584 aere
351 1532 402 1583 aut
415 1526 492 1584 ferro
506 1525 631 1602 praefixae
647 1526 748 1599 hastae,
762 1526 879 1603 qnidam
889 1526 999 1602 lignum
1008 1526 1074 1604 igne
1085 1525 1191 1583 duel*

54 1617 275 1695 firmarant,
297 1619 350 1678 hos
364 1639 478 1697 quoque
494 1620 549 1678 duo
568 1620 661 1677 millia
675 1620 803 1699 equitum
817 1620 968 1678 arcadem
987 1627 1074 1698 gente
1090 1639 1135 1678 co·

123 1716 228 1772 mitata
243 1721 319 1772 sunt.
362 1715 392 1773 A
407 1715 511 1791 Caspio
527 1714 600 1772 mari
619 1722 684 1773 octo
698 1715 822 1772 millium
842 1715 977 1795 pedester
990 1715 1136 1772 exercitus

123 1816 255 1881 venerat,
271 1808 389 1866 ducenti
401 1810 525 1886 equites.
569 1808 642 1868 (lum
657 1809 703 1866 his
719 1816 801 1866 erant
820 1808 961 1886 ignobiles
976 1809 1057 1867 Asiae
1070 1828 1134 1884 gen·

124 1911 188 1962 tes:
212 1903 270 1960 duo
285 1903 378 1960 millia
391 1903 531 1980 peditum,
546 1903 676 1981 equitnm
691 1903 835 1980 duplicem
855 1909 1025 1979 paraverant
1038 1923 1134 1962 nume·

123 2019 197 2057 rum.
230 1998 290 2055 His
301 1999 391 2075 copiis
402 1999 523 2076 triginta
535 1998 646 2055 'millia
657 1997 834 2071 Graecorum,
846 1997 975 2054 mercede
985 1984 1135 2074 conducta,
1155 2028 1185 2067 .·.

10 2151 11 2154 ,
36 2107 116 2158 seo
125 2093 251 2172 egregiae
263 2094 436 2168 juventutis,
449 2093 562 2169 adjecta
577 2101 653 2151 sunt.
698 2091 726 2150 N
729 2112 772 2150 am
789 2091 960 2150 Bactrianos
974 2099 1004 2150 et
1018 2092 1135 2170 Sogdia·

123 2210 187 2264 nos,
203 2198 233 2247 et
249 2188 349 2271 quos,
365 2195 543 2266 caeterosque
565 2187 667 2247 uorubri
686 2187 774 2247 maris
795 2187 916 2262 accolas,
931 2187 1029 2265 ignota
1048 2187 1136 2247 etiam

124 2286 203 2363 ‘ipsi
217 2284 347 2361 gentium
361 2286 486 2357 nomina,
501 2283 648 2341 festinatio
662 2284 834 2360 prohibebat
847 2284 941 2341 acciri

187 2384 213 2436 5.
237 2378 265 2436 N
269 2398 301 2435 ec
315 2378 469 2456 quiequam
483 2377 528 2435 illi
541 2378 648 2452 minsis,
664 2379 753 2455 quam
773 2378 930 2436 multitudo
950 2377 1075 2435 militum
1089 2378 1137 2437 de·

124 2474 200 2532 fuit:
224 2475 306 2548 cujus
321 2481 382 2531 tum
398 2473 541 2531 universae
555 2480 673 2549 aspectu
687 2473 840 2530 admodum
860 2472 954 2546 laetus,
970 2474 1136 2549 ¹⁰purpura-
1176 2536 1181 2545 ¹

60 2568 167 2634 amis
188 2568 276 2625 solita
291 2566 420 2626 vanitate
441 2586 519 2643 spem
541 2568 605 2642 ejus
626 2567 801 2641 inflantibus,
816 2586 971 2625 conversus
985 2567 1022 2625 ad
1038 2566 1136 2626 Chari-
1228 2560 1232 2567 ’

126 2663 244 2721 demum
265 2662 481 2737 Atheniensem,
502 2661 573 2721 belli
593 2660 730 2739 peritum,
751 2668 781 2719 et
802 2662 839 2721 ob
859 2661 979 2719 exilium
999 2662 1136 2719 infestum

127 2756 308 2824 Alexandro,
334 2755 451 2833 (quippe
474 2756 609 2830 Athenis,
632 2756 754 2832 jubente
782 2775 825 2830 eo,
853 2743 950 2814 fuerat
981 2756 1135 2833 expulsus)

125 2850 310 2931 percunctari
325 2851 419 2927 eoepit,
435 2852 454 2879 ¹¹
466 2854 482 2883 “
495 2850 603 2909 satisne
619 2851 646 2908 ei
661 2851 810 2909 videretur
832 2851 992 2908 instructus
1007 2850 1042 2908 ad
1057 2849 1137 2908 obte-

126 2944 251 3003 rendum
264 2945 376 3002 hostem
388 2945 401 3003 f
414 2946 429 2975 ⁷²
470 2945 513 3003 At
533 2944 592 3019 ille,
614 2953 644 3003 et
665 2964 725 3004 suae
746 2946 833 3004 sortis
848 2952 877 3003 et
891 2945 979 3021 regiae
994 2944 1137 3022 superbiae
1164 3004 1188 3033 ἢ

65 3048 118 3101 m
127 3040 254 3099 oblitus:
277 3040 297 3067 ¹²
308 3043 324 3072 “
336 3038 475 3113 Verum‚'’
497 3040 600 3118 inquit,
615 3044 675 3099 “et
694 3047 729 3098 tu
747 3034 844 3099 forsan
869 3040 970 3099 audire
991 3040 1085 3116 nolis,
1107 3047 1137 3098 et

127 3154 190 3213 ego,
205 3134 262 3193 nisi
275 3154 351 3193 nuno
365 3135 475 3208 dixero,
487 3135 560 3193 elisis
573 3135 768 3213 nequidquam
782 3135 946 3195 confitebor.
989 3136 1048 3193 Hic
1061 3136 1138 3193 tanti

127 3233 287 3307 apparatis
301 3230 455 3303 exercitus,
466 3230 528 3289 haeo
539 3237 584 3288 tot
597 3231 737 3309 gentium,
750 3237 780 3289 et
793 3232 885 3291 totius
897 3230 1029 3290 Orientis
1043 3234 1138 3289 excita

127 3324 246 3383 sedibus
261 3324 321 3383 suis
335 3324 434 3398 moles,
449 3324 580 3383 finitimis
599 3332 697 3402 potest
718 3344 781 3384 esse
802 3326 963 3385 terribilis:
984 3325 1059 3383 nitet
1071 3345 1136 3401 pur-

127 3425 211 3498 purt,
226 3439 360 3497 auroque,
375 3419 468 3495 fulget
483 3420 570 3477 armis
584 3427 614 3477 et
629 3420 787 3497 opulentiis,
803 3421 823 3448 ¹⁸
833 3428 968 3499 quantam
982 3419 1033 3496 qui
1046 3418 1137 3477 oculis
1156 3436 1186 3475 ε’.
1205 3477 1210 3485 ,

62 3512 185 3577 ΙιΓιιοη
196 3513 355 3588 subjecere,
367 3514 468 3571 animis
478 3514 626 3590 concipere
637 3534 695 3573 non
706 3523 833 3592 possunt.
876 3515 935 3574 Sed
946 3513 1138 3571 Macedonum

128 3610 203 3667 acies
219 3609 239 3637 ¹⁴
249 3617 331 3667 torva
345 3610 414 3666 sanai
426 3616 456 3666 et
470 3609 588 3683 inculta,
600 3609 710 3687 clypeis
723 3610 873 3687 hastisque
886 3607 1047 3667 immobiles
1062 3608 1082 3636 ¹⁸
1090 3627 1136 3665 cu-

128 3723 206 3777 neos,
229 3711 259 3762 et
280 3704 443 3761 ¹“conserta
461 3704 564 3763 robora
577 3705 707 3764 virorum
727 3704 810 3783 tegit.
852 3704 916 3781 Ipsi
936 3705 957 3731 ¹¹
968 3702 1137 3781 phalangem

128 3806 232 3857 vocant
244 3798 376 3876 peditum
389 3798 494 3857 stabile
504 3817 613 3875 agmen.
659 3798 715 3858 Vir
726 3799 798 3873 viro,
810 3799 897 3859 armis
911 3816 992 3857 erma
1005 3805 1138 3857 conserta

289 3894 320 3950 l*
